1772 2936
846 35 901 74 18

126 156 262 200 verbis
299 156 438 213 Symp.
470 157 543 208 IV,
580 163 635 201 41
660 159 705 214 ¹).
767 159 876 202 sieut
906 160 975 202 hio
1013 161 1062 202 de
1094 159 1273 214 Diogene
1313 161 1499 204 narratur
1537 156 1620 203 imo

127 227 373 272 vestimento
403 241 474 283 per
503 229 638 271 totum
667 241 820 272 annum
853 242 945 272 eum
986 232 1223 274 contentum
1253 230 1398 281 fuisse,
1439 230 1498 273 ita
1528 231 1615 272 An-

124 297 270 352 tiphon
292 298 500 341 Socratem
525 296 670 340 irridet
688 298 864 353 Apomn.
885 299 919 350 1,
943 306 983 350 6,
1005 305 1045 341 2.
1086 301 1129 342 et
1149 299 1331 343 Socrates
1350 301 1393 342 et
1415 293 1618 354 Diogenes

125 367 360 412 discalceati
391 367 605 411 incedunt:
637 379 823 423 compara
844 368 1018 423 Apomn.
1039 369 1072 420 Ι,
1096 375 1134 421 6,
1165 375 1188 412 2
1223 382 1315 412 oum
1337 369 1480 413 Dionis
1499 369 1524 424 ς
1547 376 1614 414 15.

126 449 229 491 quae
260 440 465 488 secuntur,
498 449 578 479 non
609 438 856 479 conveniunt
890 450 984 479 cum
1005 438 1272 492 Xenophonte
1304 440 1468 493 excepta
1498 439 1614 493 §31-

124 519 205 562 quo
249 507 338 551 loeo
377 507 484 562 quod
526 507 604 549 Dio
643 507 692 550 de
733 507 915 562 Diogene
960 506 1084 550 dicit:
1132 508 1400 566 πραγμάτων
1445 507 1494 551 δὲ
1538 507 1614 552 καὶ

123 578 258 620 δικῶν
287 576 365 619 καὶ
395 578 650 634 φιλονικιῶν
686 576 762 619 καὶ
802 576 1006 631 πολέμων
1045 576 1122 619 καὶ
1161 577 1352 621 στάσεων
1391 577 1513 629 ἐκτὸς
1551 577 1614 636 ἦν,

122 647 225 690 lieet
254 659 461 701 compares
492 660 584 690 eum
607 647 711 703 Xen.
732 648 907 701 Apomn.
932 648 963 697 1,
997 653 1036 697 2,
1061 653 1139 690 63:
1170 646 1281 689 ἀλλὰ
1300 648 1383 705 μὴν
1413 655 1467 705 τῇ
1487 648 1612 692 πόλει

123 732 170 773 γε
190 715 288 760 οὔτε
304 715 500 769 πολέμου
521 715 618 759 οὔτε
638 716 829 766 στάσεως
849 715 945 758 οὔτε
961 714 1202 773 προδοσίας
1217 715 1314 759 οὔτε
1330 716 1463 759 ἄλλου
1479 724 1615 763 κακοῦ

123 785 291 838 οὐδενὸς
311 786 496 829 πώποτε
518 783 662 837 αἴτιος
682 785 858 842 ἐγένετο.
904 788 945 829 et
966 786 1009 828 in
1031 787 1170 830 eadem
1191 787 1439 841 paragrapho
1471 788 1611 831 verba:

123 855 198 901 καὶ
227 856 421 912 μάλιστα
453 855 649 911 ἐμιμεῖτο
680 865 767 899 τῶν
796 860 913 900 θεῶν
942 858 1016 900 τὸν
1043 854 1140 912 βίον
1167 857 1336 900 eandem
1366 859 1611 901 sententiam

121 927 368 982 exprimunt,
400 940 522 981 quam
544 928 768 981 Xenophon
785 928 961 981 Apomn.
982 929 1015 978 1,
1040 934 1078 978 6,
1104 934 1158 971 10
1177 929 1225 982 ²).
1266 940 1482 982 pergamus
1503 942 1612 971 nuno

120 997 171 1040 ad
202 1010 291 1040 eam
323 997 518 1040 orationis
547 999 726 1051 partem,
769 1010 849 1051 qua
882 998 1080 1052 Diogenes
1109 1010 1245 1052 regem
1279 999 1492 1040 Persarum
1523 1011 1610 1041 om-

121 1068 239 1110 nium
271 1067 499 1110 miserrime
536 1067 671 1110 vivere
713 1067 829 1110 docet
859 1067 953 1109 inde
984 1080 1008 1109 a
1037 1068 1061 1121 ἓ
1093 1073 1161 1111 35.
1224 1067 1306 1109 iam
1338 1067 1493 1110 videbis
1521 1081 1607 1123 per-

121 1138 274 1180 multas
303 1137 427 1180 huius
456 1139 585 1191 partis
614 1138 837 1180 sententias
869 1151 890 1179 e
913 1138 1191 1191 Xenophontis
1221 1138 1398 1179 Hierone
1429 1140 1612 1191 sumptas

123 1220 222 1251 esse,
263 1208 479 1250 Persarum
495 1220 564 1250 rex
580 1220 825 1261 quamquam
849 1206 1076 1250 ditissimus
1096 1209 1170 1256 est,
1201 1209 1335 1249 tamen
1369 1207 1419 1249 ob
1441 1208 1608 1250 eandem

120 1277 226 1320 hanc
257 1289 420 1319 eausam
450 1277 574 1319 miser
605 1279 687 1327 est;
718 1277 854 1319 simile
874 1277 980 1330 quod
1001 1277 1127 1318 Hiero
1158 1276 1261 1318 dicit
1291 1277 1437 1330 capitis
1468 1277 1603 1330 quarti

120 1348 144 1402 ἐ
177 1353 318 1391 6-11
341 1348 390 1398 3).
452 1346 557 1400 quod
590 1346 667 1388 Dio
707 1346 809 1388 dicit
849 1345 925 1388 καὶ
966 1346 1138 1396 πάντας
1168 1344 1459 1399 ἐπιβουλεύειν
1489 1345 1609 1403 αὐτῷ

119 1414 350 1472 νομίζοντα
379 1414 504 1472 μέχρι
534 1423 622 1458 τῶν
651 1414 826 1458 παίδων
855 1431 902 1459 τε
931 1414 1008 1458 καὶ
1039 1414 1253 1472 ἀδελφῶν,
1296 1428 1481 1469 compara
1512 1429 1607 1458 cum

123 1487 289 1530 Hieron.
321 1486 397 1537 ΙΙΙ,
430 1492 480 1529 8:
511 1485 701 1536 πολλοὺς
731 1478 770 1527 δ’
803 1485 890 1528 ὑπὸ
921 1483 1093 1527 παίδων
1123 1483 1277 1535 αὐτοὺς
1306 1484 1606 1539 ἀπολωλότας,

118 1557 309 1608 πολλοὺς
339 1555 388 1599 δὲ
417 1555 629 1613 ἀδελφοὺς
671 1555 715 1598 ἕν
744 1554 987 1612 τυραννίσιν
1025 1555 1343 1612 ἀλληλοφόνους
1385 1555 1604 1612 γεγενημέ-

116 1642 226 1679 νους.
283 1638 408 1681 quam
447 1625 499 1668 ob
529 1638 616 1668 rem
647 1637 716 1668 rex
747 1625 918 1668 summis
950 1624 1064 1668 bonis
1095 1637 1174 1667 non
1205 1624 1428 1668 delectatur
1458 1624 1608 1668 timore

114 1709 347 1752 percussus:
378 1696 437 1738 sie
468 1696 547 1738 Dio
577 1696 602 1749 ἓ
634 1701 686 1738 36
720 1697 762 1737 et
792 1695 895 1737 Xen.
919 1696 989 1745 VI,
1023 1701 1060 1738 6.
1113 1695 1293 1737 eiusdem
1315 1695 1458 1737 Dionis
1486 1708 1604 1749 para-

114 1767 262 1822 graphi
306 1766 430 1808 finem
472 1777 660 1819 oompara
704 1778 798 1807 cum
837 1765 1002 1807 Hieron.
1045 1765 1122 1815 VI,
1166 1770 1214 1807 3:
1259 1763 1402 1822 μέθην
1441 1764 1489 1807 δὲ
1527 1764 1604 1807 καὶ

114 1838 250 1880 ὕπνον
265 1834 425 1891 ὁμοίως
446 1833 595 1893 ἐνέδρᾳ
616 1834 906 1893 φυλάττομαι.
943 1835 967 1889 ἓ
985 1839 1039 1878 38
1060 1834 1260 1889 Diogenes
1276 1835 1450 1888 explicat
1465 1847 1603 1890 regem

115 1920 245 1962 neque
289 1906 460 1949 armatis
504 1918 633 1964 neque
673 1905 899 1947 inermibus
936 1918 978 1947 se
1018 1904 1178 1947 eredere
1215 1907 1258 1946 et
1301 1918 1326 1947 a
1365 1906 1511 1958 populo
1550 1906 1601 1948 ad

113 1978 307 2029 hastatos,
323 1976 374 2019 ab
389 1975 564 2019 hastatis
578 1975 629 2019 ad
645 1976 850 2019 eunuchos
864 1965 1024 2030 fugere;
1040 1974 1233 2017 similiter
1244 1974 1409 2018 Hieron.
1422 1975 1493 2027 VI,
1504 1980 1531 2018 4
1550 1976 1600 2031 ⁴).

209 2106 245 2148 1)
270 2105 419 2141 Omnino
452 2104 607 2139 oratione
630 2104 693 2139 illa
716 2103 940 2139 Antisthenis
963 2103 1000 2138 in
1025 2102 1203 2149 Symposio
1226 2103 1349 2138 habita
1380 2103 1498 2138 eadem
1531 2103 1604 2139 fere

113 2164 286 2200 similibus
310 2163 425 2199 verbis
447 2163 586 2209 prolata
610 2164 705 2205 sunt,
731 2173 819 2208 quae
843 2162 900 2196 hie
924 2172 945 2196 a
969 2161 1132 2206 Diogene.

208 2223 247 2266 2)
269 2222 351 2258 Loci
373 2220 617 2268 Xenophontei
650 2221 787 2256 videtur
823 2220 929 2255 etiam
953 2219 1290 2255 Pseudo-Lucianus
1321 2231 1452 2255 memor
1482 2220 1601 2264 fuisse,

112 2293 190 2317 cum
223 2281 390 2316 scriberet
421 2279 507 2325 Cyn.
532 2279 604 2315 546
627 2279 722 2322 (12):
760 2279 825 2315 διὰ
859 2285 968 2314 τοῦτο
1002 2281 1084 2314 θεοὶ
1116 2279 1188 2326 μὲν
1213 2278 1379 2320 οὐδενὸς,
1413 2281 1449 2313 οἱ
1472 2279 1514 2314 δὲ
1538 2279 1601 2325 ἔγ-

114 2351 225 2386 γιστα
249 2343 353 2378 θεοῖς
376 2339 582 2384 ἐλαχίστων
605 2337 763 2373 δέονται.

206 2398 245 2440 3)
268 2396 321 2433 cf.
343 2397 452 2432 etiam
468 2395 586 2442 Symp.
605 2395 665 2437 IV,
689 2395 748 2431 36.
785 2406 853 2441 quo
877 2395 952 2430 loeo
977 2394 1196 2430 scribendum
1219 2404 1340 2429 censeo
1367 2396 1600 2443 αἰσθάνομαι

112 2458 154 2493 δὲ
177 2460 241 2493 καί
264 2470 376 2499 τινας,
402 2457 438 2491 οἳ
462 2454 590 2490 omisso
614 2456 835 2502 τυράννους;
866 2465 947 2490 nam
971 2453 1016 2489 de
1040 2453 1199 2499 tyrannis
1223 2454 1345 2500 postea
1368 2452 1602 2489 Antisthenes

111 2515 278 2561 loquitur,
292 2525 405 2561 neque
413 2515 500 2560 puto
508 2524 588 2549 eum
598 2513 724 2548 dixisse
733 2515 921 2558 tyrannum
929 2512 1048 2548 furari.
1074 2512 1133 2556 (ad
1143 2511 1410 2557 τινάς-1111911136
1424 2512 1597 2553 ἰδιώτας.)

205 2573 244 2617 4)
265 2577 476 2618 Φοβεῖσθαι
492 2572 535 2608 δὲ
548 2573 766 2619 ἀφυλαξίαν,
786 2575 989 2619 φοβεῖσθαι
1002 2571 1045 2607 δὲ
1062 2573 1124 2606 καὶ
1143 2571 1276 2611 αὐτοὺς
1294 2571 1378 2611 τοὺς
1394 2572 1596 2617 φυλάττον-

110 2647 176 2673 τας
198 2635 261 2668 καὶ
283 2629 374 2680 μήτ’
404 2632 566 2671 ἀόπλους
591 2632 687 2677 ἔχειν
711 2632 851 2667 ἐθέλειν
869 2632 951 2679 περὶ
972 2631 1084 2665 αὑτὸν
1099 2627 1196 2678 μήθ’
1218 2628 1603 2677 ὡπλισμένουςλὴδέως

108 2695 283 2727 θεᾶσθαι.
