1772 2936
878 89 927 126 61

392 212 640 266 Clitoph.:
1229 211 1348 253 Dio:

164 288 339 337 μοῢντες
367 283 422 325 τὰ
452 279 612 336 ἔσχατα
637 281 771 338 δρῶσι
792 280 866 324 καὶ
938 279 1072 323 ποδὶ
1101 284 1238 334 βῶσι
1269 281 1407 337 πρὸς
1436 281 1525 338 τὴν
1550 280 1642 322 λύ-

166 351 413 404 πάσχουσιν.
937 363 1056 407 ραν·
1099 350 1220 400 ὅπως
1257 349 1305 391 δὲ
1334 351 1549 404 γνώσεσθε
1585 351 1642 392 τὰ

936 418 1207 476 συμφέροντα
1246 420 1345 473 ὑμῖν
1384 419 1530 470 αὐτοῖς
1565 419 1641 462 καὶ

935 495 989 546 τῇ
1019 486 1203 544 πατρίδι
1240 488 1316 530 καὶ
1345 487 1535 542 νομίμως
1565 487 1640 530 καὶ

936 556 1115 608 δικαίως
1144 551 1252 611 μεθ’
1277 557 1480 612 ὁμονοίας
1510 559 1641 601 πολι-

935 628 1137 671 τεύσεσθε
1189 627 1263 670 καὶ
1319 626 1530 685 οἰκήσετε,
1579 630 1641 685 μὴ

936 697 1095 740 ἀδικῶν
1154 697 1282 749 ἄλλος
1341 697 1470 741 ἄλλον
1528 697 1640 755 μηδὲ

936 767 1231 820 ἐπιβουλεύων,
1270 775 1396 809 τοῦτο
1435 767 1483 809 δὲ
1519 767 1638 809 οὐδέ-

936 853 1044 879 ποτε
1081 836 1263 891 ἐμάθετε
1303 836 1400 879 οὐδὲ
1440 836 1642 894 ἐμέλησεν

935 907 1033 960 ὑμῖν
1083 907 1265 949 πώποτε
1310 905 1407 949 οὐδὲ
1455 913 1523 948 νῦν
1572 904 1637 948 ἔτι

934 973 1187 1032 φροντίζετε.
1349 1026 1353 1032 .

251 1047 311 1087 Ex
341 1046 405 1087 his
434 1047 617 1098 apertum
649 1046 709 1086 est
731 1044 899 1086 Dionem
923 1044 1234 1099 Clitophontem‚
1266 1058 1344 1087 non
1366 1045 1640 1099 Clitophontis

163 1116 315 1157 fontem
362 1115 541 1165 imitari,
587 1115 776 1168 quoniam
815 1115 899 1156 veri
945 1115 1267 1163 dissimillimum
1313 1118 1374 1156 est
1418 1117 1638 1168 utrumque

163 1183 412 1225 imitatorem
441 1185 528 1225 tam
558 1185 645 1225 arte
666 1183 790 1225 fontis
810 1184 931 1226 verba
961 1186 1143 1226 secutum
1176 1196 1271 1226 esse.
1333 1183 1500 1234 accedit,
1531 1186 1635 1238 quod

162 1255 204 1295 et
224 1254 344 1295 verba
364 1255 510 1309 ὥσπερ
531 1253 622 1295 ἀπὸ
640 1261 829 1309 μηχανῆς
847 1253 952 1303 θεός
983 1256 1024 1295 et
1043 1254 1247 1295 Socratem
1268 1267 1384 1307 saepe
1415 1255 1518 1295 hanc
1548 1266 1636 1295 ora-

163 1323 317 1366 tionem
356 1323 501 1366 habere
540 1335 620 1365 non
662 1323 704 1365 in
735 1322 914 1366 oratione
944 1323 1031 1377 ipsa
1062 1325 1232 1366 exstant.
1294 1323 1431 1377 quodsi
1466 1325 1636 1377 uterque

161 1393 448 1434 Antisthenem
478 1393 665 1434 imitatus
696 1394 810 1443 esset,
842 1395 1011 1447 uterque
1041 1405 1118 1434 non
1140 1393 1270 1434 solum
1301 1393 1635 1434 declamationem

161 1463 289 1514 illam,
305 1463 388 1512 ,sed
409 1463 532 1505 etiam
555 1475 655 1517 quae
676 1462 965 1505 antecedebant
985 1463 1050 1505 vel
1070 1464 1337 1517 sequebantur
1366 1465 1632 1505 retractasset.

160 1545 287 1586 neque
317 1532 466 1573 mirum
499 1535 560 1573 est
591 1532 763 1573 Dionem
793 1533 868 1574 hoc
898 1532 1056 1586 dialogo
1087 1544 1204 1574 usum
1244 1545 1344 1582 esse,
1386 1532 1533 1587 quippe
1564 1535 1635 1586 qui

159 1603 282 1645 etiam
304 1602 396 1644 aliis
416 1615 553 1644 eorum
577 1604 802 1655 temporum
824 1602 1085 1655 scriptoribus
1115 1602 1288 1644 usitatus
1318 1605 1434 1652 esset,
1466 1603 1630 1644 Plutar-

161 1672 283 1713 chum
305 1673 345 1713 et
371 1671 604 1725 Epictetum
637 1668 737 1721 dico,
769 1671 1185 1722 Pseudo—Lucianum‚
1215 1671 1501 1714 Themistium.
1563 1672 1631 1726 qui

159 1754 298 1784 omnes
341 1742 508 1784 initium
553 1742 745 1784 orationis
789 1743 870 1783 ποῖ
914 1740 1101 1798 φέρεσθε
1146 1742 1327 1783 afferunt.
1389 1743 1457 1784 sed
1498 1742 1634 1795 placet

159 1824 299 1854 omnes
338 1812 410 1853 hos
439 1811 546 1853 locos
587 1811 809 1861 excribere‚
855 1823 933 1865 quo
973 1811 1122 1853 melius
1152 1811 1422 1864 Clitophontis
1460 1811 1634 1866 vestigia

165 1893 461 1935 cognoscamus.

249 1951 454 1992 Plutarch.
487 1950 535 1991 de
566 1950 681 1992 liber.
706 1950 816 1991 educ.
839 1963 878 2002 p.
900 1956 928 1992 4
946 1951 998 1991 E:
1030 1944 1110 1992 εἶτ’
1137 1948 1211 1991 οὐκ
1241 1947 1386 1991 εἰκότα
1417 1950 1633 2000 πολλάκις

159 2018 390 2075 Σωκράτης
425 2017 584 2069 ἐκεῖνος
613 2019 637 2061 ὁ
667 2019 858 2069 παλαιὸς
888 2016 1036 2073 ἔλεγεν,
1077 2019 1146 2060 ὅτε
1184 2015 1305 2074 εἷ’περ
1337 2017 1422 2074 ἄρα
1453 2019 1632 2061 δυνατὸν

157 2087 216 2144 ἦν,
257 2087 475 2142 ἀναβάντα
513 2087 591 2130 ἐπὶ
628 2089 678 2130 τὸ
713 2087 1030 2145 μετεωρότατον
1068 2096 1143 2145 τῆς
1182 2087 1347 2137 πόλεως
1377 2086 1633 2143 ἀνακραγεῖν

155 2156 284 2213 μέρος
324 2151 337 2167 ‘
351 2156 386 2199 ὦ
416 2157 646 2213 ἄνθρωποι
658 2190 668 2209 ,
715 2160 796 2200 ποῖ
834 2156 1039 2214 φέρεσθε,
1085 2158 1238 2207 οἵτινες
1280 2156 1508 2213 χρημάτων
1552 2156 1631 2211 μὲν

157 2227 343 2284 κτήσεως
382 2226 484 2283 πέρι
525 2233 675 2269 πᾶσαν
714 2228 919 2269 ποιεῖσθε
949 2227 1150 2284 σπουδὴν,
1189 2234 1273 2268 τῶν
1311 2220 1352 2268 δ’
1388 2223 1524 2279 υἱέων,
1566 2220 1631 2278 οἷς

158 2303 296 2338 ταῦτα
327 2295 628 2353 καταλείψετε,
659 2299 795 2353 μικρὰ
824 2295 1068 2355 φροντίζετε
1077 2290 1108 2349 ,·’

243 2367 402 2409 Arrian.
433 2367 564 2421 Epict.
599 2367 691 2410 diss.
722 2368 806 2418 ΙΠ,
839 2373 911 2417 22,
945 2373 1021 2410 26:
1061 2367 1126 2409 δεῖ
1164 2364 1233 2409 οὖν
1271 2366 1487 2409 δύνασθαι
1525 2366 1630 2409 ἀνα-

154 2435 405 2488 τεινάμενον,
447 2436 498 2477 ἂν
538 2437 647 2478 οὕτω
677 2437 797 2493 τύχῃ,
834 2435 910 2478 καὶ
941 2433 1018 2478 ἐπὶ
1048 2436 1200 2492 σκηνὴν
1228 2436 1430 2492 τραγικὴν
1460 2435 1629 2492 ἀνερχό-

154 2520 275 2560 μενον
305 2503 439 2560 λέγειν
468 2506 518 2548 τὸ
547 2512 624 2548 τοῦ
653 2505 905 2561 Σωκράτους
931 2498 943 2514 ‘
958 2503 1010 2548 ἰὼ
1041 2504 1282 2562 ἄνθρωποι,
1313 2507 1396 2548 ποῖ
1421 2504 1630 2562 φέρεσθες

153 2573 198 2616 τί
227 2576 413 2626 ποιεῖτε,
445 2572 480 2614 ὦ
509 2569 820 2632 ταλαίπωροιῖ

242 2643 439 2687 Themist.
460 2656 515 2686 or.
540 2644 691 2695 XXVI,
712 2658 751 2698 p.
775 2651 859 2688 320
877 2645 935 2687 D:
967 2643 1174 2705 ἀναβῆναι
1206 2643 1283 2687 ἐπὶ
1312 2648 1431 2702 βῆμα
1463 2644 1628 2702 ὑψηλὸν

153 2705 229 2756 καὶ
249 2713 438 2756 ἀνειπεῖν
458 2713 604 2769 ὥσπερ
627 2714 730 2756 θεὸν
750 2713 799 2756 ἐκ
818 2721 1021 2772 τραγικῆς
1040 2709 1239 2771 μηχανῆς,
1261 2716 1344 2757 ποῖ
1363 2712 1561 2771 φέρεσθε,
1593 2711 1629 2755 ὦ
