1772 2936
841 69 889 108 11

127 192 310 248 βασιλέα
341 191 614 245 πειθόμενον,
654 193 697 233 et
727 191 776 232 de
804 191 988 233 laborum
1020 191 1219 244 patientia
1248 193 1299 234 cf.
1331 192 1454 233 etiam
1489 193 1608 244 Ages.

127 263 177 314 V,
215 268 240 305 3
264 264 306 316 ¹).
368 260 472 316 quod
512 260 589 303 Dio
629 260 673 302 in
712 260 792 303 fine
832 272 958 303 nonae
996 261 1237 315 paragraphi
1277 261 1379 303 dicit
1424 261 1612 303 omnibus

127 332 360 374 hominibus
391 331 540 374 virtute
580 343 679 383 opus
718 343 824 380 esse,
867 330 1040 372 maxime
1081 343 1174 372 vero
1204 332 1312 384 regi,
1353 330 1609 372 simillimam

127 401 252 443 habes
297 400 542 442 sententiam
595 399 700 453 apud
745 400 1056 453 Xenophontem
1100 399 1233 442 Anab.
1267 400 1366 449 VII,
1409 406 1446 447 7,
1486 400 1609 453 412).

127 472 265 514 omnia
295 483 397 525 quae
418 483 488 512 rex
508 470 619 520 facit,
652 470 694 512 in
726 473 864 524 aperto
895 470 999 512 fiunt
1028 482 1157 524 neque
1188 470 1422 512 hominibus
1453 469 1612 511 occulta

125 554 211 584 esse
250 543 436 595 possunt:
476 541 534 582 sic
575 541 651 583 Dio
688 543 713 593 ἓ
751 547 798 582 11
843 543 884 583 et
924 541 1146 594 Xenophon
1186 541 1364 594 saepius,
1406 540 1544 595 Cyrop.
1578 541 1611 590 Ι,

130 618 170 661 6,
204 617 279 661 25ς
313 611 421 661 VIII,
456 619 494 661 7,
528 618 581 654 23
615 614 656 653 et
687 613 807 665 Ages.
829 612 878 661 V,
913 618 936 653 6
959 624 1018 664 sq.
1079 615 1271 653 secuntur
1300 611 1405 664 apud
1439 611 1608 652 Dionem

117 679 177 723 'de
217 681 446 723 adulatione
485 682 618 723 multa
657 681 794 731 verba,
834 681 981 734 quibus
1011 681 1302 734 Xenophontea
1340 695 1418 723 non
1458 682 1610 730 insunt,

130 754 296 805 excepta
326 752 491 793 fortasse
522 754 548 804 ξ
583 757 649 800 18,
690 764 770 804 quo
808 751 894 792 loco
936 751 1013 792 Dio
1052 750 1284 792 adulatione
1323 751 1483 792 laudem
1524 763 1611 791 cor-

131 822 265 875 rumpi
312 821 424 863 dicit.
506 820 700 863 similiter
739 821 841 862 Xen.
882 820 1049 862 Hieron.
1082 821 1122 870 Ι,
1165 827 1232 863 15.
1302 820 1432 872 Quem
1478 820 1612 862 locum

131 904 210 933 non
241 892 445 941 afferrem,
485 891 566 932 nisi
597 891 815 932 Hieronem
855 890 1042 933 libellum
1085 891 1208 932 Dioni
1246 890 1612 932 familiarissimum

131 962 253 1004 fuisse
293 964 491 1015 putarem.
551 963 924 1015 praetermittamus
954 962 1098 1003 deinde
1129 962 1262 1004 locum
1294 962 1413 1003 illum
1445 962 1495 1002 ab
1526 961 1613 1002 edi-

130 1032 288 1074 toribus
318 1031 507 1073 omnibus
537 1032 619 1073 iam
649 1033 1010 1073 commemoratum
1042 1034 1062 1084 ξ
1096 1037 1149 1074 26
1168 1045 1213 1080 s.,
1245 1031 1326 1084 qui'
1348 1033 1458 1073 totus
1488 1043 1509 1072 e
1540 1031 1612 1072 So-

129 1102 252 1144 cratis
285 1104 326 1143 et
356 1102 530 1156 Hippiae
568 1102 764 1156 colloquio
796 1102 967 1156 Apomn.
999 1102 1069 1151 IV,
1103 1109 1126 1145 5
1149 1115 1198 1143 ss.
1238 1101 1456 1143 translatus
1487 1103 1547 1143 est
1565 1103 1613 1155 3),

134 1172 194 1214 ita
231 1174 279 1214 ut
318 1173 438 1214 verba
477 1185 632 1226 quoque
673 1173 952 1225 Xenophontis
989 1172 1179 1226 pleraque
1217 1174 1461 1225 repetantur.
1524 1174 1612 1213 tum

135 1242 212 1284 Dio
243 1244 453 1296 postquam
483 1244 534 1285 ad
565 1243 739 1284 Socratis
770 1243 925 1284 dictum
957 1242 1100 1292 rediit,
1132 1243 1224 1284 inde
1255 1256 1279 1284 a
1310 1243 1333 1296 ξ
1366 1249 1418 1284 32
1452 1242 1611 1284 felicem

133 1325 267 1366 regem
300 1313 350 1354 ab
382 1313 537 1354 infelici
570 1313 798 1366 distinguit,
831 1313 894 1354 vel
925 1313 1028 1367 quod
1060 1313 1168 1354 idem
1200 1325 1283 1354 esse
1315 1312 1427 1355 dicitx
1462 1312 1613 1353 bonum

136 1395 159 1423 a
184 1382 301 1425 malo.
367 1383 431 1424 cui
463 1383 568 1436 parti
591 1383 722 1425 multa
743 1384 883 1425 insunt
914 1383 1065 1425 similia
1095 1383 1158 1433 iis,
1191 1396 1291 1437 quae
1313 1383 1413 1425 Xen.
1439 1382 1612 1436 Apomn.

133 1453 187 1501 ΙΙ,
223 1459 242 1493 1
277 1453 398 1501 dicit,
440 1465 532 1494 cum
571 1454 758 1505 seiungat
797 1452 937 1508 ἄρχειν
976 1453 1283 1506 παιδευόμενον
1320 1454 1369 1494 ab
1401 1452 1613 1508 ἄρχεσθαι

140 1520 448 1577 παιδευομένῳ.
510 1522 600 1575 quis
640 1535 710 1564 rex
750 1535 840 1564 vere
871 1523 999 1564 bonus
1038 1523 1112 1572 sit,
1154 1523 1229 1564 Dio
1260 1523 1283 1575 ξ
1316 1528 1368 1564 39
1410 1523 1612 1565 Socratem

136 1591 337 1633 dicentem
377 1591 496 1642 facit,
534 1604 612 1646 qua
650 1593 690 1633 in
725 1605 767 1634 re
799 1593 972 1634 maxime
1003 1593 1203 1634 consentit
1233 1605 1326 1634 cum
1356 1593 1458 1634 Xen.
1491 1594 1612 1646 Ages.

137 1663 247 1712 VIII,
281 1668 320 1712 4,
363 1663 431 1717 qui
477 1676 589 1705 suam
620 1676 643 1705 a
675 1664 887 1712 Persarum
928 1663 1034 1717 regis
1072 1663 1269 1705 felicitate
1310 1663 1502 1705 secernit:
1542 1661 1615 1715 οὐχ

134 1733 342 1790 ὁπότερος
372 1731 510 1776 πλείω
541 1750 587 1776 τε
614 1734 812 1790 χρήματα
843 1730 930 1787 ἒβζοι
965 1732 1039 1776 καὶ
1076 1733 1282 1776 πλειόνων
1312 1733 1445 1790 ἄρχοι,
1477 1733 1614 1790 τούτῳ

135 1804 321 1861 ἡγήσατο
366 1804 510 1857 μεῖζον
555 1803 786 1861 φρονητέον
831 1799 961 1855 εἶναι,
1008 1797 1099 1846 ἀλλ’
1144 1804 1350 1860 ὁπότερος
1396 1803 1524 1854 αὐτός
1569 1819 1615 1846 τε

131 1872 316 1928 ἀμείνων
346 1871 410 1931 εἴη
442 1873 514 1916 καὶ
547 1874 775 1928 ἀμεινόνων
810 1875 966 1931 ἡγοῖτο.
1028 1875 1179 1916 malum
1221 1887 1356 1928 regem
1399 1874 1506 1916 cives
1544 1886 1615 1927 pro

134 1944 258 1986 servis
288 1944 434 1985 habere
465 1945 543 1986 Dio
576 1945 676 1986 dicit
705 1945 729 1998 ξ
761 1950 829 1995 40,
862 1945 1084 1998 Xenophon
1118 1945 1277 1986 Hieron.
1316 1945 1383 1993 VI,
1416 1951 1455 1986 3.
1503 1957 1614 1985 com-

136 2025 230 2068 para
260 2014 403 2054 deinde
437 2014 579 2056 Dionis
608 2015 632 2068 ξ
663 2021 715 2057 41
752 2028 844 2056 cum
875 2015 1155 2068 Xenophontis
1186 2015 1324 2068 Cyrop.
1349 2014 1459 2063 VIII,
1484 2021 1522 2064 2,
1548 2020 1614 2064 14,

132 2097 214 2138 quo
253 2086 424 2137 utroque
463 2085 551 2126 loco
590 2084 718 2127 bonus
758 2098 826 2127 rex
865 2098 956 2127 cum
993 2087 1149 2138 pastore
1190 2085 1445 2138 componitur
1462 2085 1508 2139 4).
1573 2085 1614 2126 in

136 2156 313 2196 extrema
354 2155 428 2196 hac
457 2156 570 2207 parte
601 2155 736 2208 posuit
774 2155 853 2197 Dio
892 2155 1056 2197 nomina
1095 2155 1377 2208 imperiorum,
1419 2156 1613 2196 bonorum

136 2222 357 2279 βασιλεία,
419 2223 749 2282 ἀριστοκρατία,
810 2223 1099 2283 δημοκρατία,
1158 2226 1355 2268 malorum
1407 2223 1613 2281 τυραννίς,

231 2330 266 2373 1)
292 2329 384 2372 Quos
409 2329 541 2364 Barner
565 2332 745 2375 praeterea
769 2330 813 2365 ad
844 2331 934 2365 hanc
967 2331 1175 2365 sententiam
1201 2331 1326 2365 attulit
1362 2331 1473 2374 locos,
1508 2341 1614 2365 unum

135 2389 223 2423 illud
249 2393 455 2435 συμπονεῖν
480 2391 640 2434 spectant
664 2391 702 2423 et
724 2390 867 2424 minoris
892 2391 1057 2424 momenti
1082 2393 1183 2432 sunt,
1219 2401 1320 2434 quam
1346 2393 1387 2424 ut
1411 2401 1613 2435 comparem.

138 2449 220 2482 sunt
244 2446 364 2493 Cyrop.
391 2447 467 2490 VII,
494 2448 526 2491 5,
552 2447 615 2491 553
641 2448 704 2491 713
730 2447 828 2491 VIII,
854 2449 886 2491 7,
913 2449 968 2483 14.

230 2507 265 2548 2)
287 2504 379 2551 Ἐγὼ
404 2507 445 2541 δὲ
472 2507 579 2541 οὐδὲν
602 2510 736 2554 νομίζω
761 2508 867 2554 ἀνδρὶ
894 2510 1003 2547 ἄλλως
1031 2521 1067 2542 τε
1092 2511 1152 2542 καὶ
1180 2512 1328 2554 ἄρχοντι
1352 2510 1499 2541 κάλλιον
1523 2507 1616 2541 εἶναι

134 2572 254 2613 κτῆμα
281 2565 365 2600 οὐδὲ
391 2566 643 2612 λαμπρότερον
669 2567 801 2612 ἀρετῆς.
851 2577 1009 2611 compara
1032 2566 1137 2600 etiam
1163 2566 1285 2611 Cyrop.
1313 2565 1408 2608 VIII,
1435 2567 1467 2607 1,
1496 2565 1548 2599 12.

231 2625 268 2666 3)
292 2623 419 2658 Eadem
444 2634 499 2657 res
523 2625 688 2657 narratur
711 2634 732 2657 a
756 2624 902 2659 Platone
920 2622 1024 2668 Gorg.
1039 2624 1148 2659 490E
1173 2624 1214 2658 de
1240 2623 1379 2660 Callicle
1404 2626 1440 2658 et
1465 2623 1615 2658 Socrate.

134 2684 197 2718 sed
222 2683 316 2718 vides
339 2682 566 2727 Xenophonte
590 2682 735 2716 Dionem
759 2694 861 2717 usum
885 2694 970 2717 esse.

232 2744 268 2786 4)
292 2742 374 2789 Ipsa
397 2742 499 2777 verba
524 2740 651 2775 similia
675 2742 775 2776 sunt:
