1772 2936
879 46 904 81 2

147 180 190 210 se
219 166 383 217 floreat,
424 180 517 210 cum
558 168 601 210 in
633 168 814 211 oratione
844 168 1009 219 XVIlI,
1041 169 1277 226 quanobil'i
1307 169 1467 217 cuidam
1505 170 1642 214 amico
1685 226 1689 230 .

148 238 326 293 exponit,
357 239 425 293 qui
458 241 643 281 auctores
672 240 847 282 maxime
879 239 1039 294 legendi
1069 240 1165 290 sint,
1196 240 1456 294 Xenophonti
1484 240 1640 295 primas

148 307 232 350 fere
252 310 387 362 partes
417 308 573 352 tribuat
603 322 776 365 eumque
807 311 979 353 summis
998 310 1188 353 laudibus
1208 310 1345 354 efferat
1366 311 1407 365 (ξ
1432 312 1635 366 14-17).

147 377 217 420 sed
248 378 455 432 sperabam
498 379 575 422 hac
605 380 840 434 quaestione
871 381 1100 423 accuratius
1138 382 1313 423 tractata
1352 380 1540 423 effectum
1583 381 1636 423 iri

146 448 326 503 primum
360 452 409 493 ut
438 451 588 493 clarius
617 451 752 500 fieret,
793 451 990 505 quomodo
1030 451 1195 494 omnino
1228 452 1303 494 Dio
1343 451 1523 494 fontibus
1552 452 1639 494 suis

147 530 244 561 usus
274 520 400 570 esset,
438 522 529 562 tum
561 522 608 562 ut
639 520 823 563 concludi
856 524 1010 574 posset,
1051 534 1148 575 quos
1186 524 1391 575 praeterea
1421 522 1639 576 scriptores

82 588 86 592 '
147 592 311 631 secutus
342 594 469 640 esset,
501 592 561 633 ita
592 594 640 633 ut
670 592 752 632 iam
786 592 922 632 minus
952 592 1196 632 coniecturis
1226 593 1396 634 incertis
1427 593 1505 633 niti
1537 605 1640 645 opus

147 657 265 701 foret.

237 730 365 782 Quem
408 731 455 772 ad
490 731 610 772 finem
642 732 774 784 prima
805 732 926 773 huius
957 731 1089 773 libelli
1121 734 1233 784 parte
1267 732 1407 773 Dionis
1437 733 1639 774 orationes

149 799 371 854 diligenter
409 801 651 853 percensebo
699 803 740 842 et
785 813 1062 854 quaecumque
1109 800 1211 843 mihi
1253 801 1512 855 Xenophonti
1557 801 1634 844 tri-

146 870 306 912 buenda
338 869 546 919 videntur,
577 871 761 920 afferam,
793 873 841 913 ut
871 872 1101 921 ostendam,
1138 874 1288 926 quanta
1319 874 1360 914 et
1390 873 1526 925 qualia
1557 873 1638 914 Dio

146 940 407 995 Xenophonti
440 941 596 991 debeat,
637 940 781 983 deinde
812 942 983 983 aliorum
1014 943 1270 996 scriptorum,
1303 942 1507 996 imprimis
1538 943 1634 985 Pla-

147 1011 257 1053 tonis
286 1011 391 1065 apud
425 1011 596 1054 Dionem
629 1013 912 1054 auctoritatem
946 1012 1121 1054 breviter
1162 1013 1394 1062 illustrabo,
1435 1015 1639 1067 postremo

148 1082 197 1123 de
229 1082 282 1123 iis
312 1083 563 1123 orationibus
593 1083 755 1136 loquar,
796 1084 942 1136 quibus
976 1084 1148 1124 maxime
1180 1083 1228 1124 de
1261 1085 1402 1125 Dionis
1433 1083 1635 1125 scribendi

146 1151 302 1194 ratione
334 1151 490 1206 aliquid
524 1151 623 1194 disci
655 1164 768 1206 posse
798 1154 909 1206 puto.

318 1362 352 1443 Ι.
394 1361 675 1456 QUANTUM
705 1361 798 1442 ΠΗ]
831 1361 1193 1443 ΧΕΝΠΡΗΠΝΤΙ
1223 1362 1479 1444 ΒΕΒΕΑΤ.-

233 1512 357 1555 Nunc
388 1514 579 1567 quoniam
611 1515 744 1567 prima
775 1515 889 1567 parte
913 1513 1056 1555 Dionis
1076 1514 1277 1556 orationes
1309 1515 1495 1567 deinceps
1526 1516 1634 1556 trae-

146 1586 232 1624 tare
263 1583 566 1633 constituimus,
597 1584 772 1637 primum
806 1583 1022 1625 dicendum
1053 1586 1115 1625 est
1146 1584 1193 1625 de
1224 1584 1287 1633 iis,
1319 1597 1418 1637 quae
1440 1584 1482 1625 in
1514 1597 1634 1625 usum

146 1653 312 1696 Traiani
344 1653 612 1708 imperatoris,
644 1654 715 1707 qui
750 1654 870 1696 Dioni
903 1653 1074 1705 favebat,
1106 1653 1281 1707 scriptae
1312 1656 1418 1696 sunt.

234 1722 440 1765 Orationis
470 1724 503 1772 I,
535 1736 614 1776 qua
647 1724 746 1764 Dio.
786 1723 842 1764 τά
881 1739 928 1765 τε
966 1722 1056 1780 ήθη
1095 1722 1171 1765 καὶ
1210 1724 1285 1781 τὴν
1326 1724 1527 1765 διάθεσιν
1555 1730 1636 1764 τοῦ

145 1801 331 1851 χρηστοῦ
358 1792 574 1849 βασιλέως
604 1795 645 1848 (ἓ
670 1796 740 1849 11)
771 1797 944 1844 enarrat,
976 1795 1117 1837 statim
1151 1796 1192 1836 in
1223 1794 1441 1848 prooemio,
1472 1793 1578 1847 quod
1609 1806 1634 1835 a

144 1864 415 1917 Xenophonte
447 1867 630 1906 ceterum
660 1864 778 1916 plane
810 1865 988 1905 alienum
1022 1866 1103 1915 est,
1135 1864 1416 1917 Xenophontis
1447 1863 1633 1906 Convivii

143 1946 299 1976 memor
331 1935 409 1976 Dio
448 1934 557 1976 idem
600 1934 680 1975 fere
711 1934 759 1975 de
790 1947 831 1976 se
863 1934 985 1983 dicit,
1025 1935 1126 1988 quod
1160 1935 1364 1976 Socrates:
1405 1931 1632 1989 αὐτουργοὶ
1677 1947 1680 1949 ’

142 2011 219 2061 τῆς
258 2001 418 2061 σοφίας
458 2004 499 2057 (ξ
532 2005 597 2058 9),
649 2003 785 2045 confer
824 2003 958 2058 Symp.
991 2004 1036 2054 Ι,
1069 2009 1093 2047 5
1117 2006 1160 2059 ¹).
1224 2004 1367 2046 deinde
1408 2002 1511 2057 quod
1553 2002 1633 2044 Dio

143 2074 167 2127 ἓ
203 2080 255 2116 12
288 2086 426 2115 versus
456 2073 551 2115 illos
584 2074 820 2115 Homericos
858 2086 976 2115 suum
1017 2074 1059 2114 in
1091 2087 1209 2115 usum
1242 2073 1440 2126 explicat,
1481 2072 1635 2114 similis

143 2145 255 2185 extat
303 2143 584 2196 Xenophontis
629 2143 830 2185 sententia
870 2146 1042 2196 Apomn.
1087 2144 1165 2193 ΙΙΙ,
1210 2149 1248 2193 9,
1283 2149 1350 2193 10,
1392 2155 1511 2197 quam
1554 2142 1635 2184 Dio

143 2213 343 2267 respicere
375 2212 549 2255 videtur.

240 2413 275 2454 1)
300 2411 386 2448 Cum
413 2412 621 2457 singillatim
645 2412 812 2447 adnotare
837 2413 961 2456 nolim,
997 2424 1082 2458 quos
1107 2413 1252 2459 quisque
1277 2413 1427 2448 virorum
1451 2411 1633 2447 doctorum

142 2470 235 2505 locos
252 2473 345 2504 recte
364 2470 433 2505 iam
452 2481 530 2505 cum
549 2470 778 2516 Xenophonte
797 2471 1000 2516 composuit,
1019 2471 1076 2506 hic
1093 2482 1151 2506 eos
1169 2471 1206 2506 in
1223 2471 1421 2506 universum
1435 2469 1629 2505 nominabo.

148 2530 235 2564 sunt
271 2526 314 2564 G.
348 2528 516 2573 Dindorf‚
554 2528 794 2575 Xenophontis
830 2529 943 2564 editor
979 2528 1183 2566 Oxoniensis
1219 2533 1256 2565 et
1290 2530 1323 2565 J.
1350 2529 1435 2566 Geel
1476 2527 1635 2573 (Dionis

140 2585 369 2634 Ὀλυμπικός
390 2587 513 2632 Lugd-
540 2587 630 2622 Bat.
649 2589 771 2631 1840),
797 2588 851 2623 W.
872 2588 1011 2623 Schmid
1035 2589 1117 2632 (der
1144 2590 1363 2625 Attio-imus
1379 2589 1414 2632 I,
1436 2598 1476 2631 p.
1494 2588 1564 2621 147
1574 2587 1633 2631 8.),

141 2644 275 2681 Barner
297 2644 583 2691 (comparantem-
606 2645 703 2681 inter
726 2657 762 2682 se
786 2646 920 2683 Gracci-
939 2646 983 2683 de
1000 2647 1203 2693 regentium
1220 2648 1409 2684 hominum
1432 2644 1633 2682 virtutibus

142 2708 321 2747 auctores,
347 2704 431 2739 diss.
457 2704 635 2748 Mai-burg.
663 2706 779 2747 1889).
