1772 2936
879 49 909 86 4

147 169 254 224 eint3
284 170 431 225 quibus
460 167 669 223 oppositus
698 171 761 212 est
792 169 931 221 Hiero,
962 172 1125 225 tyranni
1156 171 1385 226 exemplum
1407 172 1453 226 1).
1513 184 1636 225 quare

148 239 228 282 Dio
268 239 459 283 omnibus
496 238 780 293 Xenophontis
818 240 982 295 scriptis
1029 241 1115 295 pari
1158 241 1275 285 modo
1313 242 1376 285 uti
1413 242 1548 296 potnit
1585 240 1636 284 ad

146 321 285 364 regem
317 310 469 353 bonum
500 309 833 360 describendum,
874 312 917 353 et
946 323 1063 365 saepe
1094 324 1116 354 e
1147 312 1412 367 Xenophonte
1442 311 1541 354 duos
1569 311 1636 355 vel

146 377 283 432 plures
313 379 422 423 locos
451 379 631 423 eiusdem
663 380 887 423 sententiae
916 376 1055 424 attiili.

234 450 389 504 Incipit
418 451 496 493 Dio
534 451 637 494 hanc
667 455 822 504 partem
837 483 847 501 ,
887 463 988 506 quae
1027 454 1089 494 est
1120 452 1169 494 de
1201 453 1307 507 regis
1338 452 1579 502 virtutibus,
1610 464 1634 495 a

144 518 310 561 deorum
342 521 601 563 veneratione
637 522 678 575 (ᾖ
712 523 804 575 15);
850 518 943 563 ἔστι
982 521 1035 578 δὴ
1076 530 1251 577 πρῶτον
1279 522 1359 576 μὲν
1387 526 1503 565 θεῶν
1532 521 1634 565 ἐπι-

142 588 275 645 μελὴς
312 587 390 631 καὶ
428 590 479 632 τὸ
520 590 743 644 δαιμόνιον
783 598 1010 647 προτιμῶν
1040 622 1051 632 .
1073 622 1083 632 .
1106 622 1116 632 .
1139 622 1149 632 .
1181 591 1300 641 ὅστις
1335 591 1384 634 δὲ
1414 592 1546 642 κακὸς
1576 592 1635 633 ὢν

143 656 312 714 ἡγεῖταί
351 674 460 701 ποτε
495 661 627 710 θεοὺς
665 659 870 716 ἀρέσκειν,
909 652 1004 703 κατ’
1039 659 1145 703 αὐτὸ
1183 668 1310 703 τοῦτο
1350 670 1525 717 πρῶτον
1560 660 1634 715 οὐχ

142 728 262 778 ὅσιός
301 727 431 771 ἐστιν.
491 742 667 782 quocum
707 730 795 772 loco
834 731 936 772 bene
975 730 1149 772 conferri
1191 732 1325 784 potest
1354 731 1634 785 Xenophontis

140 798 289 840 Oecon.
323 798 396 849 XI,
430 804 477 842 8:
510 797 609 841 ἐπεὶ
640 800 722 855 γὰρ
753 798 1173 858 καταμεμαθηκέναι
1203 800 1328 852 δοκῶ,
1361 799 1429 842 ὅτι
1460 798 1501 843 οὶ
1532 799 1633 844 θεοὶ

140 870 235 918 τοῖς
264 868 522 924 ἀνθρώποις
551 868 648 911 ἄνευ
679 868 758 922 μὲν
787 877 866 912 τοῦ
894 871 1141 924 γιγνώσκειν
1170 886 1217 912 τε
1247 868 1276 912 ἃ
1306 870 1372 912 δεῖ
1392 873 1535 912 ποιεῖν
1555 869 1631 912 καὶ

139 935 453 992 ἐπιμελεῖσθαι
485 938 608 989 ὅπως
637 945 776 981 ταῦτα
813 937 1073 997 περαίνηται
1111 938 1161 983 οὐ
1198 940 1381 994 θεμιτὸν
1420 937 1631 997 ἐποίησαν

140 1005 185 1049 εὖ
215 1007 436 1063 πράττειν,
466 1040 478 1050 .
500 1040 510 1050 .
532 1040 543 1050 .
576 1009 686 1051 οὕτω
716 1009 769 1066 δὴ
800 1008 882 1064 ἐγὼ
913 1008 1101 1065 ἄρχομαι
1125 1009 1206 1063 μὲν
1225 1010 1323 1060 τοὺς
1342 1010 1472 1060 θεοὺς
1491 1013 1628 1063 θερα-

137 1076 281 1119 πεύων
322 1076 413 1120 κτλ.
474 1077 575 1120 adde
607 1078 749 1133 Cyrop.
781 1078 894 1130 VIII,
927 1085 966 1129 7,
1000 1084 1067 1132 22,
1108 1091 1188 1133 quo
1229 1079 1318 1122 loco
1348 1078 1473 1134 Cyrus
1504 1080 1629 1121 mori-

132 1149 249 1190 turus
287 1148 387 1190 filiis
424 1149 627 1203 praecipit
668 1149 761 1191 deos
800 1149 951 1200 vereri,
992 1150 1098 1192 iuste
1130 1152 1172 1192 et
1202 1150 1267 1203 pie
1305 1162 1443 1203 agere,
1485 1149 1627 1191 deinde

133 1217 261 1260 etiam
303 1218 491 1261 homines
527 1231 668 1261 curare
687 1220 735 1271 ²).
798 1219 905 1272 quod
936 1219 1015 1261 Dio
1046 1219 1069 1273 ξ
1103 1225 1154 1262 17
1201 1218 1304 1261 dicit
1332 1231 1469 1273 regem
1501 1219 1627 1261 hono-

131 1299 220 1329 rare
261 1289 304 1330 et
343 1287 513 1342 diligere
553 1288 698 1338 bonos,
740 1288 842 1342 apud
883 1288 1194 1341 Xenophontem
1241 1288 1400 1341 saepius
1438 1288 1625 1341 legimus,

128 1357 304 1398 Hieron.
335 1357 409 1407 IX,
452 1364 517 1400 10.
552 1357 693 1412 Cyrop.
726 1358 789 1407 II,
833 1364 871 1408 3,
906 1363 982 1411 12;
1014 1357 1113 1407 VII,
1148 1362 1187 1407 5,
1220 1362 1298 1411 853
1329 1357 1449 1407 VIII,
1484 1364 1521 1406 1,
1556 1363 1624 1399 39.

127 1439 250 1481 quam
284 1427 530 1469 sententiam
564 1428 641 1469 Dio
672 1427 696 1481 ξ
730 1432 903 1471 17—20
934 1426 1098 1481 profert,
1131 1440 1268 1469 rursus
1298 1427 1500 1470 consentit
1530 1440 1623 1469 cum

125 1497 402 1552 Xenophonte
432 1496 592 1552 (Cyl-op.
623 1498 656 1547 I,
690 1504 729 1547 1,
763 1499 819 1551 2),
851 1496 893 1538 id
923 1497 1029 1551 quod
1060 1497 1142 1539 iam
1173 1497 1331 1551 pridem
1363 1498 1520 1540 constat
1538 1497 1585 1552 ³).

419 1626 546 1668 Xen.:
1219 1626 1314 1668 Dio:

178 1699 275 1750 ”En
314 1704 455 1750 τοίνυν
500 1704 702 1761 οὐδεμίαν
742 1706 839 1748 πώ-
977 1704 1055 1757 Τίς
1092 1705 1172 1760 μὲν
1213 1707 1294 1764 γὰρ
1325 1705 1479 1764 ἀγέλης
1508 1710 1621 1761 βοῶν

223 1883 259 1924 1)
284 1881 453 1928 Compara
476 1892 505 1916 e.
531 1892 584 1925 gr.
609 1880 720 1916 Anab.
746 1880 774 1924 Ι,
800 1881 822 1915 9
859 1891 937 1915 cum
962 1880 1174 1926 Cyropaedia
1209 1881 1389 1926 multaque
1422 1881 1501 1916 alia.
1551 1892 1620 1926 qua

127 1940 171 1975 de
195 1952 232 1975 re
257 1941 331 1983 egit
355 1939 491 1976 Croiset
509 1939 746 1984 (Xenophon,
779 1938 879 1973 Paris
904 1939 1031 1981 1873),
1062 1939 1104 1974 cf.
1130 1950 1163 1984 p.
1191 1938 1261 1974 155
1293 1939 1335 1973 de
1360 1938 1448 1983 Cyro
1471 1939 1618 1975 maiore:

128 2010 197 2043 „ee
221 1999 315 2034 n'est
337 2009 401 2045 pas
426 1997 619 2033 seulement
642 2008 690 2031 un
715 1995 948 2042 conquerant,
981 1996 1065 2031 c'est
1098 2007 1146 2031 un
1181 2007 1261 2040 sage
1294 1996 1441 2031 instruit
1472 2007 1536 2042 par
1560 1995 1618 2032 So-

127 2059 234 2093 crate.
283 2058 311 2092 il
334 2068 355 2092 a
389 2058 508 2092 tontes
540 2056 592 2090 les
624 2057 754 2090 vertus.
804 2066 996 2099 eourageux
1027 2056 1065 2090 et
1095 2055 1242 2089 brillant
1273 2066 1402 2090 comme
1442 2053 1552 2099 cyrus
1585 2054 1618 2089 le

125 2115 254 2160 Jeune‚
290 2115 429 2161 patient
462 2116 500 2149 et
522 2114 668 2149 humain
695 2124 825 2149 comme
849 2111 1029 2158 Agesilae,
1061 2113 1088 2148 il
1112 2124 1151 2155 a,
1188 2124 1317 2148 comme
1340 2112 1549 2171 Xenophon,
1582 2113 1618 2148 la

124 2173 343 2209 moderation
368 2173 411 2208 de
435 2174 547 2216 l'ame,
571 2173 607 2207 la
631 2172 820 2218 tranquille
844 2173 979 2216 raison,
1004 2172 1039 2206 la
1062 2173 1164 2216 grace
1189 2172 1231 2207 de
1254 2172 1409 2218 l'esprit,
1433 2172 1469 2207 la
1492 2171 1617 2217 beante

124 2232 173 2267 du
209 2233 338 2277 visage.
387 2232 411 2266 il
444 2233 501 2266 eet
532 2229 731 2276 temperant
761 2233 799 2265 et
827 2231 925 2275 juste
959 2230 1053 2265 selon
1085 2230 1121 2265 la
1153 2230 1233 2276 plus
1265 2241 1351 2276 pure
1376 2230 1531 2265 doctrine
1556 2231 1616 2265 des

123 2289 386 2326 Memorables“
389 2317 398 2334 ,
423 2291 461 2325 et
479 2301 513 2336 p.
527 2289 616 2324 157:
643 2288 792 2334 „Cyrus,
811 2289 899 2324 dans
916 2289 951 2323 la
970 2287 1168 2335 Cyropedie,
1193 2290 1249 2323 est
1265 2289 1298 2323 le
1322 2288 1373 2323 roi
1390 2288 1616 2324 bienveillant

125 2348 229 2384 vante
253 2360 318 2395 par
342 2348 517 2384 Simonide
540 2346 700 2391 (Hieron)
709 2348 742 2391 “,
779 2349 817 2382 et
839 2359 874 2393 p.
900 2347 987 2383 158:
1014 2375 1034 2391 ,‚
1044 2347 1204 2390 Socrate,
1237 2347 1324 2381 dans
1347 2346 1613 2393 l‘Economiqne,

123 2412 227 2442 vante
251 2408 288 2442 la
312 2417 451 2451 sagense
475 2406 522 2441 du
547 2406 599 2441 roi
623 2406 666 2440 de
690 2405 804 2441 Perse.
853 2405 881 2440 il
904 2405 1114 2450 dIsfinguait
1138 2407 1332 2441 nettement
1356 2405 1391 2440 la
1408 2404 1553 2451 royaute
1571 2406 1615 2440 de

122 2466 158 2501 la
182 2465 379 2511 tyrannie.“

218 2525 256 2567 2)
280 2524 407 2559 Multis
439 2534 577 2569 qnoque
610 2522 689 2557 aliis
722 2522 807 2557 locis
831 2522 1021 2568 Xenophon
1046 2534 1067 2557 a
1090 2523 1179 2557 bono
1212 2534 1291 2567 rege
1322 2523 1377 2557 vel
1407 2523 1613 2568 imperatore

123 2583 206 2619 deos
230 2582 378 2619 maxime
402 2582 469 2618 coli
493 2581 598 2625 dicit,
625 2582 667 2616 ut
691 2579 813 2627 Cyrop.
839 2580 867 2626 1,
892 2580 926 2625 5,
953 2580 1008 2616 14.
1045 2579 1149 2626 Ages.
1174 2580 1238 2626 III,
1263 2581 1305 2626 23
1329 2580 1392 2625 XI,
1417 2581 1450 2617 8.
1489 2579 1610 2628 Cyrop.

122 2643 151 2687 1,
176 2644 209 2687 5,
237 2644 277 2686 63
303 2642 399 2686 VIII,
425 2642 459 2686 2,
483 2642 541 2677 22.

217 2701 255 2745 3)
273 2700 444 2736 Traianus
467 2700 542 2747 ipse
568 2700 922 2748 φιλανθρωπότατος
945 2699 1142 2746 appellatur
1166 2710 1187 2734 a
1211 2699 1321 2735 Dione
1345 2710 1394 2735 or.
1418 2698 1496 2744 XL,
1524 2699 1578 2735 15.
