1772 2936
855 73 910 112 60

132 194 345 249 τοντες,
378 196 535 248 οἵτινες
560 195 849 255 χρημάτων

136 266 216 321 μὲν
254 266 359 322 πέρι
388 268 464 324 τὴν
494 274 644 310 πᾶσαν
673 282 846 310 σπου-

133 337 230 394 δὴν
288 334 454 390 ἔχετε,
516 337 664 388 ὅπως
722 338 847 391 ὑμῖν

136 403 313 457 ἔσται,
355 415 457 448 τῶν
484 399 530 449 δ’
553 404 733 459 υἱέων,
765 401 847 458 οἷς

133 482 308 518 ταῦτα
330 477 707 530 παραδώσετε,
723 477 845 527 ὅπως

138 543 449 603 ἐπιστήσονται
459 549 652 603 χρῆσθαι
664 543 845 596 δικαίως

135 615 317 667 τούτοις,
349 614 623 669 άμελεῖτε,
654 615 729 659 καὶ
750 614 845 658 οὔτε

137 685 427 736 διδασκάλους
458 685 606 736 αὐτοῖς
634 684 845 742 εὑρίσκετε

134 762 215 813 τῆς
235 754 525 814 δικαιοσύνης,
548 753 672 813 εἴπερ
692 760 843 814 μαθη-

134 824 255 867 τέον·
287 823 326 867 εἰ
357 825 406 867 δὲ
434 825 767 883 μελετητέον
796 842 843 868 τε

133 893 210 936 καὶ
240 893 524 951 ἀσκητέον,
556 895 710 945 οἵτινες
741 894 842 946 ἐξα-

131 964 339 1020 σκήσουσι
376 964 451 1006 καὶ
493 963 843 1021 ἑκμελετήσουσιν

135 1029 320 1083 ἱκανῶς·
367 1032 466 1076 οὐδέ
504 1032 546 1088 γ’
580 1031 661 1076 ἔτι
702 1035 841 1088 πρό-

132 1117 289 1159 τερον
330 1103 470 1157 ὑμᾶς
511 1102 708 1154 αὐτοὺς
753 1105 842 1147 ov-

131 1188 236 1222 τως
267 1172 709 1229 ἑθεραπεύσατε,
747 1167 838 1215 ἀλλ’

132 1241 314 1299 ὁρῶντες
382 1243 681 1300 γράμματα
750 1242 844 1286 καὶ

127 1314 395 1369 μουσικὴν
425 1313 518 1355 καὶ
539 1327 842 1367 γυμναστι-

131 1382 224 1439 κὴν
256 1382 391 1436 ὑμᾶς
430 1399 486 1426 τε
526 1382 711 1434 αὐτοὺς
746 1382 838 1426 καὶ

129 1452 256 1502 τοὺς
286 1452 495 1504 παῖδας
520 1452 661 1506 ὑμῶν
683 1450 839 1504 ἱκανῶς

126 1522 552 1579 μεμαθηκότας,
585 1521 614 1565 ἃ
644 1523 695 1580 δὴ
727 1540 837 1566 παι-

130 1590 249 1635 δείαν
309 1591 459 1650 ἀρετῆς
519 1587 630 1635 εἶναι
690 1591 838 1636 τελέαν

130 1663 316 1718 ἡγεῖσθε,
347 1662 538 1704 κᾶπειτα
569 1662 690 1705 οὐδὲν
709 1662 837 1719 ἧττον

129 1732 287 1783 κακοὺς
326 1730 594 1788 γιγνομένους
640 1732 741 1789 περὶ
781 1734 836 1775 τὰ

123 1803 346 1860 χρήματα,
386 1803 501 1856 ὅμως
532 1802 580 1845 οὗ
610 1819 834 1860 καταφρο-

124 1875 237 1916 νεῖτε
266 1880 342 1930 τῆς
362 1879 433 1915 νῦν
453 1873 717 1924 παιδεύσεως
738 1872 836 1916 οὐδὲ

124 1943 292 2000 ζητεῖτε
313 1944 468 1994 οἵτινες
489 1944 599 1997 ὑμᾶς
620 1944 834 1986 παύσουσι

122 2012 284 2070 ταύτης
314 2020 391 2069 τῆς
425 2009 662 2067 άμουσίας,·
712 2011 833 2055 καί-

124 2098 210 2124 τοι
243 2117 251 2125 .
275 2117 283 2124 .
308 2116 315 2124 .

184 2227 267 2266 407
287 2222 338 2265 C:
370 2220 515 2264 καίτοι
546 2221 621 2264 διά
651 2238 697 2277 γε
727 2223 831 2264 ταύ-

125 2308 203 2350 την
261 2293 338 2349 τὴν
397 2290 698 2350 πλημμέλειαν
755 2291 831 2336 καὶ

119 2360 356 2420 ρᾳθυμίαν,
403 2356 495 2404 ἀλλ’
544 2361 593 2405 οὐ
638 2363 711 2405 διὰ
756 2364 832 2420 τὴν

122 2432 173 2475 ἐν
187 2442 256 2489 τῷ
272 2432 400 2475 ποδὶ
418 2433 553 2490 πρὸς
567 2434 655 2489 τὴν
671 2433 831 2488 λύραν

120 2500 330 2559 ἀμετρίαν
350 2501 426 2544 καὶ
447 2502 634 2559 ἀδελφὸς
655 2502 828 2560 ἀδελφῷ

120 2571 197 2614 καὶ
228 2573 378 2622 πόλεις
418 2571 597 2615 πόλεσιν
634 2571 830 2628 α’μέτρως

120 2640 196 2684 καὶ
246 2641 527 2698 ἀναρμόστως
581 2641 828 2700 προσφερό-

117 2726 237 2764 μεναι
274 2711 555 2764 στασιάζουσι
587 2712 663 2754 καὶ
695 2712 827 2754 πολε-

921 211 1127 250 τοντες,
1183 195 1474 254 χρημάτων
1529 194 1625 251 μὲν

920 267 1349 322 ἐπιμελούμενοι
1387 266 1462 309 καὶ
1493 265 1623 323 πορί-

918 337 1060 389 ζοντες
1090 337 1236 380 πάντα
1265 337 1440 394 τρόπον,
1477 337 1624 387 ὅπως

920 406 1081 450 αὐτοί
1120 422 1175 450 τε
1214 406 1434 464 ἄφθονα
1474 404 1622 458 ἕξετε

917 476 1011 519 καὶ
1085 480 1205 527 τοῖς
1275 475 1471 518 παισὶν
1539 474 1622 518 ἔτι

917 543 1090 588 πλείω
1121 546 1496 603 παραδώσετε,
1529 543 1622 588 αὖ·

916 624 1017 657 τῶν
1047 614 1106 658 δὲ
1144 624 1247 658 τῶν
1283 614 1495 658 παίδων
1524 613 1621 658 καὶ

917 685 1188 742 πρότερον
1218 686 1360 739 ὑμῶν
1379 695 1484 728 τῶν
1513 703 1620 728 πα-

916 754 1084 813 τέρων
1120 754 1424 813 ἠμελήκατε
1463 754 1621 810 ὁμοίως

916 826 1126 877 ἅπαντες,
1177 823 1378 879 οὐδεμίαν
1435 826 1620 882 εὑρόντες

916 893 1036 937 οὔτε
1115 893 1412 936 παίδευσιν
1498 894 1622 938 οὔτε

915 963 1148 1021 ἄσκησιν
1179 961 1336 1021 ἱκανὴν,
1376 963 1619 1021 οὐδὲ.ὠφέ-

915 1034 1039 1087 λιμον
1069 1033 1334 1089 ἀνθρώποις,
1365 1032 1415 1091 ἢν
1436 1034 1619 1076 παιδευ-

915 1102 1064 1154 θέντες
1080 1103 1313 1160 δυνήσεσθε
1326 1105 1419 1154 τοῖς
1431 1104 1618 1160 χρήμασι

913 1177 1106 1230 χρῆσθαι
1145 1172 1290 1228 ὀρθῶς
1321 1174 1395 1215 καὶ
1426 1172 1618 1226 δικαίως,

915 1242 1026 1285 ἀλλὰ
1062 1243 1123 1300 μὴ
1160 1243 1380 1299 βλαβερῶς
1416 1241 1490 1286 καὶ
1521 1241 1618 1286 α’δί-

914 1328 1012 1364 κως,
1033 1311 1108 1354 καὶ
1129 1312 1227 1366 ὑμῖν
1248 1311 1406 1363 αὐτοῖς,
1433 1310 1458 1354 ὃ
1477 1326 1616 1355 σπου-

910 1382 1130 1438 δαιότερον
1159 1391 1245 1425 τῶν
1268 1383 1508 1440 χρημάτων,
1540 1384 1616 1426 καὶ

910 1449 1020 1502 υἱοῖς
1051 1450 1126 1494 καὶ
1158 1451 1402 1509 θυγατράσι
1433 1451 1508 1495 καὶ
1540 1468 1613 1508 γυ-

909 1522 1023 1573 ναιξὶ
1066 1521 1141 1564 καὶ
1181 1522 1384 1579 ἀδελφοῖς
1423 1522 1497 1565 καὶ
1537 1521 1614 1579 φί-

909 1592 1020 1644 λοις,
1061 1591 1250 1635 κάκεῖνοι
1290 1592 1400 1646 ὑμῖν.
1462 1587 1613 1650 ἀλλ’,ἦ

909 1660 1235 1717 κιθαρίζειν
1272 1662 1364 1704 καὶ
1404 1661 1611 1704 παλαί-

908 1747 984 1775 ειν
1023 1721 1114 1774 κ“αὶ
1156 1731 1444 1788 γράμματα
1469 1749 1612 1786 -μαν-

907 1802 1173 1852 θάνοντες
1218 1802 1321 1845 ὑπὸ
1366 1811 1468 1844 τῶν
1518 1817 1611 1857 γο-

907 1871 1039 1915 νέων
1069 1871 1161 1914 καὶ
1192 1869 1496 1923 τοὺςύἱοὺς
1526 1873 1611 1915 δι-

907 1943 1198 1993 δάσκοντες
1243 1940 1393 1985 οἴεσθε
1437 1952 1611 1998 σωφρο-

906 2011 1097 2068 νέστερον
1147 2011 1220 2054 καὶ
1275 2011 1445 2065 ἄμεινον
1490 2009 1610 2069 οἰκή-

906 2097 995 2124 σειν
1023 2083 1099 2138 τὴν
1131 2082 1282 2133 πόλιν;
1312 2079 1500 2123 καίτοι
1534 2113 1576 2122 ..
1599 2113 1609 2122 .

963 2223 987 2276 ἐ
1012 2228 1086 2264 19:
1117 2220 1193 2263 καὶ
1223 2228 1292 2263 νῦν
1322 2217 1399 2263 ἐπὶ
1429 2220 1609 2271 ταύταις

903 2294 1002 2343 ταῖς
1018 2289 1190 2335 ἐλπίσιν
1206 2288 1363 2335 οἰκεῖτε
1383 2291 1459 2348 τὴν
1479 2290 1608 2333 πόλιν

903 2361 978 2405 καὶ
1002 2363 1100 2413 τοὺς
1120 2359 1239 2413 υἱέας
1264 2360 1609 2418 παρασκευάζετε

903 2434 961 2483 ὡς
971 2433 1173 2483 δυνατοὺς
1181 2430 1404 2486 ἐσομένους
1415 2434 1608 2488 χρῆσθαι

901 2504 994 2553 τοῖς
1023 2517 1071 2545 τε
1107 2502 1247 2544 αὑτῶν
1285 2501 1360 2544 καὶ
1399 2503 1492 2552 τοῖς
1530 2500 1606 2558 δη-

899 2570 1072 2626 μοσίοις
1127 2572 1399 2629 πράγμασιν,
1461 2568 1510 2613 οἳ
1556 2570 1607 2611 ἂν

902 2639 1060 2693 ἱκανῶς
1089 2639 1357 2697 κιθαρίσωσι
1388 2638 1605 2682 Παλλάδα

900 2710 1173 2767 Περσέπολιν
1232 2711 1389 2761 δεινὰν,
1451 2710 1478 2766 ἢ
1536 2718 1605 2765 τῷ
