1772 2936
867 72 923 111 45

158 197 260 242 ἐπεὶ
292 197 369 242 καὶ
397 199 450 241 τὸ
479 196 751 256 φιλογέλοιον
781 196 890 247 δ’λως
919 190 1030 238 εἶναι
1060 195 1134 238 τὸν
1162 193 1346 250 βασιλέα
1383 192 1460 237 οὐκ
1495 190 1641 237 ἔοικεν.

153 280 237 323 qua
267 268 315 311 de
345 281 388 311 re
418 267 616 311 iudicium
637 266 736 309 ferri
757 266 912 321 nequit,
944 267 986 308 et
1005 265 1066 325 sic
1081 265 1252 319 saepius,
1284 264 1364 308 nisi
1384 278 1406 307 e
1427 264 1641 307 verborum

156 339 428 383 similitudine
460 337 636 380 discerni
665 338 809 391 potest.

438 534 511 616 IV.
560 533 630 616 BE
654 532 843 616 DIUNIS
870 531 1168 615 SCRIBENBI
1193 531 1354 614 ARTE.

245 690 304 731 Ex
334 688 541 739 omnibus,
584 700 684 742 quae
715 686 845 730 adhuc
884 687 990 739 dixi,
1036 688 1112 729 hoc
1149 699 1221 741 pro
1260 690 1370 730 certo
1409 687 1638 730 habendum

153 772 239 802 esse
269 759 453 812 sequitur
470 758 643 800 Dionem
674 759 855 800 veterum
877 758 1118 810 scriptorum
1140 759 1410 811 excerptorem
1442 771 1522 800 non
1543 771 1639 800 esse.

155 829 358 884 permulta
388 827 553 883 quidem
585 829 692 878 sunt,
724 840 824 883 quae
853 827 948 871 aliis
978 827 1117 878 debet,
1149 828 1217 870 sed
1249 827 1327 871 Dio
1357 828 1528 883 scriptor
1558 828 1638 871 mi-

155 901 264 942 nime
295 898 611 942 contemnendus
651 899 730 948 est,
762 898 834 951 qui
864 911 930 947 ea,
968 910 1068 952 quae
1100 910 1144 939 ex
1176 897 1349 940 aliorum
1380 898 1545 952 scriptis
1574 911 1638 940 re-

152 968 283 1024 cepit,
327 982 399 1012 sua
429 981 500 1011 suo
538 968 701 1023 ingenio
742 967 853 1010 fecit.
913 980 1072 1022 perraro
1102 968 1235 1011 fontes
1273 968 1530 1024 adverbum
1572 981 1635 1012 se-

151 1040 318 1094 quitur,
357 1039 484 1081 immo
514 1051 622 1080 nunc
652 1038 812 1080 brevem
845 1038 1089 1081 sententiam
1119 1039 1306 1081 alicunde
1337 1040 1522 1082 haustam
1554 1039 1639 1082 suis

155 1112 219 1154 vel
263 1111 436 1153 aliorum
483 1109 726 1163 scriptorum
771 1109 1021 1163 argumentis
1066 1110 1131 1151 vel
1168 1110 1362 1164 exemplis
1400 1110 1636 1164 amplificat,

154 1193 261 1223 nunc
299 1193 388 1223 eam
429 1181 584 1230 mut-at,
630 1192 738 1221 nunc
778 1179 1038 1229 contradicit,
1079 1193 1187 1222 nunc
1226 1180 1382 1223 diversa
1412 1180 1636 1235 coniungit.

154 1263 232 1293 non
274 1251 444 1292 excribit
485 1250 632 1300 libros,
679 1250 748 1290 sed
788 1250 983 1291 memoria
1018 1251 1151 1300 tenet,
1191 1262 1270 1291 non
1309 1251 1489 1303 quaerit,
1532 1250 1637 1292 unde

154 1320 497 1363 narratiunculam
536 1319 600 1361 vel
639 1319 867 1373 exemplum
914 1319 978 1362 vel
1018 1319 1303 1374 disputationis
1347 1322 1636 1375 argumentum

151 1393 307 1441 sumat,
362 1390 430 1432 sed
486 1390 593 1432 ultro
648 1390 686 1431 ei
739 1391 972 1440 occurrunt,
1018 1403 1119 1443 quae
1163 1390 1281 1444 legit.
1357 1391 1498 1445 quodsi
1545 1391 1636 1446 quis

152 1461 255 1503 dicit
294 1460 438 1502 Dionis
476 1460 627 1514 scripta
667 1460 906 1515 diligentius
950 1461 1215 1515 perquirenda
1253 1474 1358 1511 esse,
1405 1462 1452 1503 ut
1497 1474 1546 1503 ex
1583 1461 1636 1503 iis

153 1532 325 1586 vestigia
363 1531 603 1584 scriptorum
643 1531 891 1584 perditorum
923 1530 1132 1573 enucleare
1172 1543 1382 1581 conemur,
1425 1531 1635 1582 assentior,

153 1601 271 1644 modo
309 1601 409 1643 satis
449 1603 565 1643 caute
603 1601 916 1655 progrediamur.
979 1601 1248 1643 diversissima
1286 1602 1331 1642 iu
1370 1602 1498 1643 Dione
1538 1614 1634 1643 con-

152 1660 291 1715 iuncta
329 1671 484 1722 iacent,
531 1671 590 1714 ita
632 1673 679 1714 ut
717 1673 868 1714 temere
907 1684 1136 1726 ageremus,
1187 1672 1222 1713 si
1263 1672 1454 1714 orationis
1498 1671 1634 1714 indole

151 1744 194 1786 et
221 1742 367 1785 habitu
397 1741 561 1784 adducti
597 1742 750 1791 omnia,
782 1754 881 1796 quae
911 1741 955 1783 in
985 1754 1031 1784 ea
1071 1742 1248 1784 oratione
1289 1741 1397 1785 dicta
1436 1744 1553 1794 sunt,
1583 1743 1635 1786 ad

152 1826 279 1854 unum
319 1814 475 1854 certum
505 1813 710 1868 auctorem
751 1813 1002 1854 referremus.
1076 1812 1280 1865 imprimis
1319 1814 1457 1853 autem
1488 1825 1633 1854 caven—

150 1882 249 1925 dum
279 1884 362 1933 est,
395 1894 445 1924 ne
475 1893 666 1924 conemur
696 1881 855 1937 integra
885 1881 1036 1936 scripta
1074 1881 1231 1936 perdita
1261 1895 1282 1924 e
1312 1882 1497 1937 vestigiis
1527 1882 1634 1936 apud

151 1953 324 1994 Dionem
345 1953 513 1994 servatis
533 1953 756 1995 restituere.
801 1952 865 1994 fac
890 1953 1011 2003 enim,
1044 1955 1091 1995 ut
1122 1953 1301 2006 exemplo
1332 1955 1436 2003 utar,
1466 1952 1634 2006 perierit

150 2022 429 2076 Xenophontis
469 2022 614 2073 Hiero,
660 2023 729 2065 sed
759 2023 835 2073 ita,
874 2025 922 2065 ut
960 2025 1066 2065 certe
1112 2023 1311 2066 affirmare
1349 2023 1549 2076 possimus
1586 2035 1633 2065 eo

150 2092 256 2134 libro
281 2092 458 2135 'Dionem
490 2093 539 2134 ad
570 2094 723 2135 sextam
755 2093 974 2136 orationem
1016 2106 1133 2136 usum
1173 2105 1278 2135 esse:
1318 2091 1425 2134 nihil
1455 2093 1504 2134 de
1533 2092 1631 2135 libri

150 2162 285 2205 indole
301 2163 434 2205 dicere
453 2176 672 2217 possemus,
694 2164 799 2205 nihil
821 2163 869 2206 de
886 2164 1027 2218 scripti
1047 2177 1206 2219 genere,
1229 2163 1335 2206 nihil
1355 2162 1403 2205 de
1424 2162 1563 2205 ordine
1584 2165 1629 2219 ¹).

151 2235 193 2274 et
222 2233 331 2276 idem
344 2267 353 2284 ,
385 2233 490 2287 quod
517 2233 794 2277 intelleximus
823 2234 867 2276 in
897 2235 1110 2288 scriptores
1140 2235 1308 2276 traditos
1348 2233 1506 2284 cadere,
1545 2247 1632 2275 me-

150 2301 278 2344 moria
323 2303 541 2345 tenendum
588 2305 649 2345 est
694 2303 737 2345 in
783 2303 1045 2347 restituendis
1081 2303 1310 2357 deperditis.
1374 2304 1510 2358 itaque
1552 2317 1631 2347 non

149 2373 268 2414 antea
297 2373 347 2414 ab
380 2373 515 2427 aliquo
546 2375 700 2416 servato
721 2374 871 2427 scripto
900 2374 1142 2424 recedamus,
1175 2374 1273 2426 quin
1305 2373 1446 2415 Dionis
1476 2374 1632 2416 fontem

150 2434 233 2483 esse
265 2440 458 2492 dicamuS,
489 2455 609 2497 quam
639 2443 775 2496 probis
801 2443 932 2485 causis
952 2443 1080 2486 coacti
1102 2443 1263 2493 erimus,
1294 2456 1344 2485 ne
1374 2443 1529 2486 incerta
1558 2456 1631 2497 pro

150 2510 270 2554 certis
301 2510 559 2564 accipiamus.

243 2675 280 2718 1)
304 2673 363 2710 Or.
387 2673 503 2709 XXVI
527 2675 643 2709 autem
668 2675 769 2721 plane
793 2676 883 2712 alius
907 2676 1068 2711 imitandi
1092 2676 1228 2722 generis
1252 2676 1443 2722 exemplum
1468 2677 1541 2720 est,
1569 2676 1630 2711 sed

149 2733 191 2768 de
214 2733 280 2769 hac
304 2734 458 2769 oratione
481 2744 564 2768 num
587 2733 740 2779 perfecta
763 2735 832 2770 iam
857 2736 915 2779 sit,
941 2735 1095 2770 dubitari
1118 2737 1247 2782 potest,
1272 2735 1313 2770 cf.
1339 2735 1438 2771 infra.
