<?xml version="1.0" encoding="UTF-8"?>
<!DOCTYPE html PUBLIC "-//W3C//DTD XHTML 1.0 Transitional//EN"
    "http://www.w3.org/TR/xhtml1/DTD/xhtml1-transitional.dtd">
<html xmlns="http://www.w3.org/1999/xhtml" xml:lang="en" lang="en">
 <head>
  <title>
</title>
<meta http-equiv="Content-Type" content="text/html;charset=utf-8" />
  <meta name='ocr-system' content='tesseract 3.04.00' />
  <meta name='ocr-capabilities' content='ocr_page ocr_carea ocr_par ocr_line ocrx_word'/>
</head>
<body>
  <div class='ocr_page' id='page_1' title='image "4738051_0019.png"; bbox 0 0 1772 2936; ppageno 0'>
   <div class='ocr_carea' id='block_1_1' title="bbox 856 58 880 95">
    <p class='ocr_par' dir='ltr' id='par_1_1' title="bbox 856 58 880 95">
     <span class='ocr_line' id='line_1_1' title="bbox 856 58 880 95; baseline 0 0"><span class='ocrx_word' id='word_1_1' title='bbox 856 58 880 95; x_wconf 82' lang='lat'><strong>7</strong></span> 
     </span>
    </p>
   </div>
   <div class='ocr_carea' id='block_1_2' title="bbox 761 111 971 118">
    <p class='ocr_par' dir='ltr' id='par_1_2' title="bbox 761 111 971 118">
     <span class='ocr_line' id='line_1_2' title="bbox 761 111 971 118; baseline 0 2818"><span class='ocrx_word' id='word_1_2' title='bbox 761 111 971 118; x_wconf 95' lang='lat' dir='ltr'> </span> 
     </span>
    </p>
   </div>
   <div class='ocr_carea' id='block_1_3' title="bbox 125 179 1608 1923">
    <p class='ocr_par' dir='ltr' id='par_1_3' title="bbox 125 179 1608 1206">
     <span class='ocr_line' id='line_1_3' title="bbox 127 179 1608 238; baseline -0.003 -11"><span class='ocrx_word' id='word_1_3' title='bbox 127 184 211 227; x_wconf 85' lang='lat' dir='ltr'>fere</span> <span class='ocrx_word' id='word_1_4' title='bbox 232 183 425 238; x_wconf 84' lang='lat' dir='ltr'>exemplis</span> <span class='ocrx_word' id='word_1_5' title='bbox 445 183 577 226; x_wconf 86' lang='lat' dir='ltr'>utitur</span> <span class='ocrx_word' id='word_1_6' title='bbox 599 183 772 237; x_wconf 90' lang='lat' dir='ltr'>Apomn.</span> <span class='ocrx_word' id='word_1_7' title='bbox 794 182 847 232; x_wconf 89' lang='lat'>11,</span> <span class='ocrx_word' id='word_1_8' title='bbox 870 188 909 231; x_wconf 86' lang='lat'>4,</span> <span class='ocrx_word' id='word_1_9' title='bbox 933 188 956 225; x_wconf 80' lang='lat'>7</span> <span class='ocrx_word' id='word_1_10' title='bbox 981 182 1025 236; x_wconf 87' lang='lat'>¹).</span> <span class='ocrx_word' id='word_1_11' title='bbox 1086 182 1176 224; x_wconf 87' lang='lat' dir='ltr'>tum</span> <span class='ocrx_word' id='word_1_12' title='bbox 1202 180 1276 223; x_wconf 91' lang='lat' dir='ltr'>Dio</span> <span class='ocrx_word' id='word_1_13' title='bbox 1307 179 1608 225; x_wconf 71' lang='lat' dir='ltr'><strong>enumeratione</strong></span> 
     </span>
     <span class='ocr_line' id='line_1_4' title="bbox 125 252 1607 309; baseline -0.003 -12"><span class='ocrx_word' id='word_1_14' title='bbox 125 255 383 309; x_wconf 82' lang='lat' dir='ltr'>singularum</span> <span class='ocrx_word' id='word_1_15' title='bbox 431 254 629 295; x_wconf 88' lang='lat' dir='ltr'>virtutum</span> <span class='ocrx_word' id='word_1_16' title='bbox 678 253 821 295; x_wconf 83' lang='lat' dir='ltr'>relicta</span> <span class='ocrx_word' id='word_1_17' title='bbox 866 252 967 294; x_wconf 90' lang='lat' dir='ltr'>dicit</span> <span class='ocrx_word' id='word_1_18' title='bbox 1011 253 1061 295; x_wconf 82' lang='grc' dir='ltr'>τὸ</span> <span class='ocrx_word' id='word_1_19' title='bbox 1091 252 1394 308; x_wconf 77' lang='grc' dir='ltr'><strong><em>φανερώτατον</em></strong></span> <span class='ocrx_word' id='word_1_20' title='bbox 1423 252 1607 308; x_wconf 81' lang='grc' dir='ltr'>σημεῖον,</span> 
     </span>
     <span class='ocr_line' id='line_1_5' title="bbox 128 321 1606 377; baseline -0.003 -11"><span class='ocrx_word' id='word_1_21' title='bbox 128 325 278 367; x_wconf 88' lang='lat' dir='ltr'>bonum</span> <span class='ocrx_word' id='word_1_22' title='bbox 310 336 445 377; x_wconf 81' lang='lat' dir='ltr'>regem</span> <span class='ocrx_word' id='word_1_23' title='bbox 479 336 570 364; x_wconf 90' lang='lat' dir='ltr'>eum</span> <span class='ocrx_word' id='word_1_24' title='bbox 603 336 698 371; x_wconf 86' lang='lat' dir='ltr'>esse,</span> <span class='ocrx_word' id='word_1_25' title='bbox 730 323 799 376; x_wconf 90' lang='lat' dir='ltr'>qui</span> <span class='ocrx_word' id='word_1_26' title='bbox 819 336 844 364; x_wconf 86' lang='lat' dir='ltr'>a</span> <span class='ocrx_word' id='word_1_27' title='bbox 863 323 979 364; x_wconf 89' lang='lat' dir='ltr'>bonis</span> <span class='ocrx_word' id='word_1_28' title='bbox 1001 322 1099 363; x_wconf 88' lang='lat' dir='ltr'>viris</span> <span class='ocrx_word' id='word_1_29' title='bbox 1119 321 1323 370; x_wconf 86' lang='lat' dir='ltr'>laudetur,</span> <span class='ocrx_word' id='word_1_30' title='bbox 1355 334 1448 362; x_wconf 87' lang='lat' dir='ltr'>nam</span> <span class='ocrx_word' id='word_1_31' title='bbox 1471 333 1606 374; x_wconf 85' lang='lat' dir='ltr'>regem</span> 
     </span>
     <span class='ocr_line' id='line_1_6' title="bbox 127 390 1606 448; baseline -0.003 -12"><span class='ocrx_word' id='word_1_32' title='bbox 127 395 263 448; x_wconf 89' lang='lat' dir='ltr'>ipsum</span> <span class='ocrx_word' id='word_1_33' title='bbox 296 395 520 435; x_wconf 89' lang='lat' dir='ltr'>ceterorum</span> <span class='ocrx_word' id='word_1_34' title='bbox 551 393 688 434; x_wconf 86' lang='lat' dir='ltr'>laudes</span> <span class='ocrx_word' id='word_1_35' title='bbox 718 392 919 446; x_wconf 85' lang='lat' dir='ltr'>aspernari</span> <span class='ocrx_word' id='word_1_36' title='bbox 950 393 991 445; x_wconf 64' lang='grc' dir='ltr'>(ἓ</span> <span class='ocrx_word' id='word_1_37' title='bbox 1024 395 1120 444; x_wconf 81' lang='lat'><strong>33);</strong></span> <span class='ocrx_word' id='word_1_38' title='bbox 1168 391 1277 433; x_wconf 88' lang='lat' dir='ltr'>idem</span> <span class='ocrx_word' id='word_1_39' title='bbox 1308 391 1531 444; x_wconf 83' lang='lat' dir='ltr'>Xenophon</span> <span class='ocrx_word' id='word_1_40' title='bbox 1562 390 1606 431; x_wconf 91' lang='lat' dir='ltr'>in</span> 
     </span>
     <span class='ocr_line' id='line_1_7' title="bbox 129 460 1608 516; baseline -0.003 -9"><span class='ocrx_word' id='word_1_41' title='bbox 129 464 296 507; x_wconf 87' lang='lat' dir='ltr'>Hieron.</span> <span class='ocrx_word' id='word_1_42' title='bbox 316 463 349 513; x_wconf 94' lang='lat' dir='ltr'>I,</span> <span class='ocrx_word' id='word_1_43' title='bbox 375 468 426 505; x_wconf 85' lang='lat'>15</span> <span class='ocrx_word' id='word_1_44' title='bbox 450 466 491 505; x_wconf 88' lang='lat' dir='ltr'>et</span> <span class='ocrx_word' id='word_1_45' title='bbox 514 469 579 506; x_wconf 87' lang='lat'>16.</span> <span class='ocrx_word' id='word_1_46' title='bbox 642 465 769 505; x_wconf 88' lang='lat' dir='ltr'>totam</span> <span class='ocrx_word' id='word_1_47' title='bbox 790 463 894 505; x_wconf 89' lang='lat' dir='ltr'>hanc</span> <span class='ocrx_word' id='word_1_48' title='bbox 915 461 1108 504; x_wconf 88' lang='lat' dir='ltr'>orationis</span> <span class='ocrx_word' id='word_1_49' title='bbox 1127 464 1282 516; x_wconf 87' lang='lat' dir='ltr'>partem</span> <span class='ocrx_word' id='word_1_50' title='bbox 1304 461 1509 504; x_wconf 79' lang='lat' dir='ltr'>concludit</span> <span class='ocrx_word' id='word_1_51' title='bbox 1532 460 1608 503; x_wconf 93' lang='lat' dir='ltr'>Dio</span> 
     </span>
     <span class='ocr_line' id='line_1_8' title="bbox 127 532 1608 587; baseline -0.002 -12"><span class='ocrx_word' id='word_1_52' title='bbox 127 533 750 587; x_wconf 64' lang='lat' dir='ltr'>interrogationibus,nonnullis</span> <span class='ocrx_word' id='word_1_53' title='bbox 781 534 992 574; x_wconf 84' lang='lat' dir='ltr'>rhetoricis</span> <span class='ocrx_word' id='word_1_54' title='bbox 1021 534 1085 586; x_wconf 88' lang='lat' dir='ltr'>(ut</span> <span class='ocrx_word' id='word_1_55' title='bbox 1116 546 1186 574; x_wconf 89' lang='lat' dir='ltr'>nos</span> <span class='ocrx_word' id='word_1_56' title='bbox 1217 532 1430 586; x_wconf 86' lang='lat' dir='ltr'>dicimus),</span> <span class='ocrx_word' id='word_1_57' title='bbox 1461 532 1608 586; x_wconf 88' lang='lat' dir='ltr'>quibus</span> 
     </span>
     <span class='ocr_line' id='line_1_9' title="bbox 130 603 1606 658; baseline -0.001 -12"><span class='ocrx_word' id='word_1_58' title='bbox 130 604 257 646; x_wconf 85' lang='lat' dir='ltr'>vitam</span> <span class='ocrx_word' id='word_1_59' title='bbox 289 604 448 646; x_wconf 85' lang='lat' dir='ltr'>beatam</span> <span class='ocrx_word' id='word_1_60' title='bbox 481 604 573 646; x_wconf 89' lang='lat' dir='ltr'>boni</span> <span class='ocrx_word' id='word_1_61' title='bbox 606 605 712 658; x_wconf 89' lang='lat' dir='ltr'>regis</span> <span class='ocrx_word' id='word_1_62' title='bbox 743 604 880 646; x_wconf 89' lang='lat' dir='ltr'>laudat</span> <span class='ocrx_word' id='word_1_63' title='bbox 916 604 956 657; x_wconf 63' lang='grc' dir='ltr'>(ξ</span> <span class='ocrx_word' id='word_1_64' title='bbox 989 610 1043 646; x_wconf 83' lang='grc'>34</span> <span class='ocrx_word' id='word_1_65' title='bbox 1060 605 1121 658; x_wconf 93' lang='lat' dir='ltr'>s.).</span> <span class='ocrx_word' id='word_1_66' title='bbox 1183 616 1284 657; x_wconf 87' lang='lat' dir='ltr'>quae</span> <span class='ocrx_word' id='word_1_67' title='bbox 1323 603 1471 657; x_wconf 88' lang='lat' dir='ltr'>partim</span> <span class='ocrx_word' id='word_1_68' title='bbox 1513 615 1606 644; x_wconf 91' lang='lat' dir='ltr'>cum</span> 
     </span>
     <span class='ocr_line' id='line_1_10' title="bbox 129 672 1608 728; baseline -0.002 -11"><span class='ocrx_word' id='word_1_69' title='bbox 129 675 397 728; x_wconf 74' lang='lat' dir='ltr'>Xenophonte</span> <span class='ocrx_word' id='word_1_70' title='bbox 436 686 664 728; x_wconf 86' lang='lat' dir='ltr'>comparare</span> <span class='ocrx_word' id='word_1_71' title='bbox 701 674 819 724; x_wconf 87' lang='lat' dir='ltr'>licet,</span> <span class='ocrx_word' id='word_1_72' title='bbox 859 676 905 716; x_wconf 91' lang='lat' dir='ltr'>ut</span> <span class='ocrx_word' id='word_1_73' title='bbox 936 674 1101 716; x_wconf 83' lang='lat' dir='ltr'>Hieron.</span> <span class='ocrx_word' id='word_1_74' title='bbox 1133 674 1206 724; x_wconf 88' lang='lat' dir='ltr'>XI,</span> <span class='ocrx_word' id='word_1_75' title='bbox 1242 680 1290 715; x_wconf 88' lang='grc'>11</span> <span class='ocrx_word' id='word_1_76' title='bbox 1335 686 1426 715; x_wconf 88' lang='lat' dir='ltr'>cum</span> <span class='ocrx_word' id='word_1_77' title='bbox 1467 672 1608 715; x_wconf 89' lang='lat' dir='ltr'>Diouis</span> 
     </span>
     <span class='ocr_line' id='line_1_11' title="bbox 125 742 1607 799; baseline -0.003 -12"><span class='ocrx_word' id='word_1_78' title='bbox 125 746 153 799; x_wconf 62' lang='grc' dir='ltr'><strong>ξ</strong></span> <span class='ocrx_word' id='word_1_79' title='bbox 186 750 262 787; x_wconf 87' lang='lat'>34:</span> <span class='ocrx_word' id='word_1_80' title='bbox 303 745 443 787; x_wconf 72' lang='grc' dir='ltr'><strong><em>πόθεν</em></strong></span> <span class='ocrx_word' id='word_1_81' title='bbox 473 744 521 787; x_wconf 83' lang='grc' dir='ltr'>δὲ</span> <span class='ocrx_word' id='word_1_82' title='bbox 551 744 627 786; x_wconf 82' lang='grc' dir='ltr'>οὐκ</span> <span class='ocrx_word' id='word_1_83' title='bbox 658 745 708 786; x_wconf 72' lang='grc' dir='ltr'>ἂν</span> <span class='ocrx_word' id='word_1_84' title='bbox 738 742 909 787; x_wconf 73' lang='grc' dir='ltr'><strong><em>ἔλθοιεν</em></strong></span> <span class='ocrx_word' id='word_1_85' title='bbox 939 744 1028 786; x_wconf 78' lang='grc' dir='ltr'>κτλ.</span> <span class='ocrx_word' id='word_1_86' title='bbox 1061 757 1196 798; x_wconf 86' lang='lat' dir='ltr'>regem</span> <span class='ocrx_word' id='word_1_87' title='bbox 1228 743 1432 785; x_wconf 85' lang='lat' dir='ltr'>laboribus</span> <span class='ocrx_word' id='word_1_88' title='bbox 1467 756 1607 784; x_wconf 86' lang='lat' dir='ltr'>aman-</span> 
     </span>
     <span class='ocr_line' id='line_1_12' title="bbox 131 813 1607 870; baseline -0.002 -12"><span class='ocrx_word' id='word_1_89' title='bbox 131 818 218 858; x_wconf 85' lang='lat' dir='ltr'>tem</span> <span class='ocrx_word' id='word_1_90' title='bbox 250 828 275 857; x_wconf 91' lang='lat' dir='ltr'>a</span> <span class='ocrx_word' id='word_1_91' title='bbox 305 816 462 857; x_wconf 88' lang='lat' dir='ltr'>civibus</span> <span class='ocrx_word' id='word_1_92' title='bbox 493 814 612 870; x_wconf 89' lang='lat' dir='ltr'>diligi</span> <span class='ocrx_word' id='word_1_93' title='bbox 644 815 744 857; x_wconf 86' lang='lat' dir='ltr'>dicit</span> <span class='ocrx_word' id='word_1_94' title='bbox 768 816 989 869; x_wconf 88' lang='lat' dir='ltr'>Xenophon</span> <span class='ocrx_word' id='word_1_95' title='bbox 1011 814 1150 869; x_wconf 86' lang='lat' dir='ltr'>Cyrop.</span> <span class='ocrx_word' id='word_1_96' title='bbox 1172 815 1205 864; x_wconf 96' lang='grc' dir='ltr'>Ι,</span> <span class='ocrx_word' id='word_1_97' title='bbox 1229 822 1266 864; x_wconf 90' lang='grc'>6,</span> <span class='ocrx_word' id='word_1_98' title='bbox 1291 820 1358 858; x_wconf 83' lang='grc'>25.</span> <span class='ocrx_word' id='word_1_99' title='bbox 1422 813 1469 855; x_wconf 89' lang='lat' dir='ltr'>de</span> <span class='ocrx_word' id='word_1_100' title='bbox 1501 813 1607 868; x_wconf 87' lang='lat' dir='ltr'>regis</span> 
     </span>
     <span class='ocr_line' id='line_1_13' title="bbox 127 885 1607 939; baseline -0.001 -12"><span class='ocrx_word' id='word_1_101' title='bbox 127 886 393 928; x_wconf 86' lang='lat' dir='ltr'>beneficentia</span> <span class='ocrx_word' id='word_1_102' title='bbox 422 887 525 927; x_wconf 92' lang='lat' dir='ltr'>Xen.</span> <span class='ocrx_word' id='word_1_103' title='bbox 558 887 727 939; x_wconf 85' lang='lat' dir='ltr'>saepius,</span> <span class='ocrx_word' id='word_1_104' title='bbox 759 899 793 927; x_wconf 91' lang='lat' dir='ltr'>e.</span> <span class='ocrx_word' id='word_1_105' title='bbox 824 899 883 939; x_wconf 89' lang='lat' dir='ltr'>gr.</span> <span class='ocrx_word' id='word_1_106' title='bbox 914 886 1034 939; x_wconf 87' lang='lat' dir='ltr'>Ages.</span> <span class='ocrx_word' id='word_1_107' title='bbox 1058 886 1146 934; x_wconf 89' lang='lat' dir='ltr'>V11,</span> <span class='ocrx_word' id='word_1_108' title='bbox 1180 891 1203 926; x_wconf 83' lang='lat'><strong>2</strong></span> <span class='ocrx_word' id='word_1_109' title='bbox 1225 887 1270 939; x_wconf 74' lang='grc'>2).</span> <span class='ocrx_word' id='word_1_110' title='bbox 1332 897 1470 926; x_wconf 90' lang='lat' dir='ltr'>omnes</span> <span class='ocrx_word' id='word_1_111' title='bbox 1500 885 1607 925; x_wconf 85' lang='lat' dir='ltr'>cives</span> 
     </span>
     <span class='ocr_line' id='line_1_14' title="bbox 128 955 1607 1010; baseline -0.001 -12"><span class='ocrx_word' id='word_1_112' title='bbox 128 968 263 1010; x_wconf 88' lang='lat' dir='ltr'>regem</span> <span class='ocrx_word' id='word_1_113' title='bbox 294 957 480 1005; x_wconf 80' lang='lat' dir='ltr'>tuentur,</span> <span class='ocrx_word' id='word_1_114' title='bbox 521 969 571 997; x_wconf 91' lang='lat' dir='ltr'>ne</span> <span class='ocrx_word' id='word_1_115' title='bbox 610 955 705 1010; x_wconf 91' lang='lat' dir='ltr'>quid</span> <span class='ocrx_word' id='word_1_116' title='bbox 745 955 980 998; x_wconf 77' lang='lat' dir='ltr'>detrimenti</span> <span class='ocrx_word' id='word_1_117' title='bbox 1017 955 1170 1008; x_wconf 83' lang='lat' dir='ltr'>capiat:</span> <span class='ocrx_word' id='word_1_118' title='bbox 1217 955 1275 997; x_wconf 89' lang='lat' dir='ltr'>sic</span> <span class='ocrx_word' id='word_1_119' title='bbox 1309 955 1383 997; x_wconf 93' lang='lat' dir='ltr'>Dio</span> <span class='ocrx_word' id='word_1_120' title='bbox 1414 955 1437 1008; x_wconf 63' lang='grc' dir='ltr'>ξ</span> <span class='ocrx_word' id='word_1_121' title='bbox 1470 959 1523 997; x_wconf 83' lang='lat'>35</span> <span class='ocrx_word' id='word_1_122' title='bbox 1565 956 1607 996; x_wconf 91' lang='lat' dir='ltr'>et</span> 
     </span>
     <span class='ocr_line' id='line_1_15' title="bbox 129 1024 1607 1079; baseline -0.001 -12"><span class='ocrx_word' id='word_1_123' title='bbox 129 1026 231 1067; x_wconf 88' lang='lat' dir='ltr'>Xen.</span> <span class='ocrx_word' id='word_1_124' title='bbox 273 1026 437 1067; x_wconf 89' lang='lat' dir='ltr'>Hieron.</span> <span class='ocrx_word' id='word_1_125' title='bbox 469 1026 561 1074; x_wconf 87' lang='lat' dir='ltr'>VII,</span> <span class='ocrx_word' id='word_1_126' title='bbox 604 1032 678 1079; x_wconf 85' lang='lat'>103</span> <span class='ocrx_word' id='word_1_127' title='bbox 719 1026 791 1075; x_wconf 90' lang='lat' dir='ltr'>XI,</span> <span class='ocrx_word' id='word_1_128' title='bbox 828 1032 892 1068; x_wconf 91' lang='lat'>11.</span> <span class='ocrx_word' id='word_1_129' title='bbox 955 1038 1081 1079; x_wconf 88' lang='lat' dir='ltr'>neque</span> <span class='ocrx_word' id='word_1_130' title='bbox 1127 1028 1280 1067; x_wconf 85' lang='lat' dir='ltr'>ceterae</span> <span class='ocrx_word' id='word_1_131' title='bbox 1321 1024 1441 1066; x_wconf 82' lang='lat' dir='ltr'>h&#39;uius</span> <span class='ocrx_word' id='word_1_132' title='bbox 1479 1025 1607 1078; x_wconf 86' lang='lat' dir='ltr'>partis</span> 
     </span>
     <span class='ocr_line' id='line_1_16' title="bbox 125 1094 1607 1149; baseline 0 -13"><span class='ocrx_word' id='word_1_133' title='bbox 125 1095 351 1137; x_wconf 75' lang='lat' dir='ltr'>sententIae</span> <span class='ocrx_word' id='word_1_134' title='bbox 372 1108 395 1137; x_wconf 89' lang='lat' dir='ltr'>a</span> <span class='ocrx_word' id='word_1_135' title='bbox 417 1096 682 1148; x_wconf 75' lang='lat' dir='ltr'>Xenophonte</span> <span class='ocrx_word' id='word_1_136' title='bbox 711 1095 865 1137; x_wconf 86' lang='lat' dir='ltr'>alienae</span> <span class='ocrx_word' id='word_1_137' title='bbox 887 1097 992 1145; x_wconf 86' lang='lat' dir='ltr'>sunt,</span> <span class='ocrx_word' id='word_1_138' title='bbox 1024 1108 1265 1149; x_wconf 84' lang='lat' dir='ltr'>quamquam</span> <span class='ocrx_word' id='word_1_139' title='bbox 1295 1097 1403 1137; x_wconf 82' lang='lat' dir='ltr'>certa</span> <span class='ocrx_word' id='word_1_140' title='bbox 1424 1094 1607 1148; x_wconf 85' lang='lat' dir='ltr'>exempla</span> 
     </span>
     <span class='ocr_line' id='line_1_17' title="bbox 128 1165 373 1206; baseline 0 0"><span class='ocrx_word' id='word_1_141' title='bbox 128 1177 206 1206; x_wconf 90' lang='lat' dir='ltr'>non</span> <span class='ocrx_word' id='word_1_142' title='bbox 239 1165 373 1206; x_wconf 83' lang='lat' dir='ltr'>attuli.</span> 
     </span>
    </p>

    <p class='ocr_par' dir='ltr' id='par_1_4' title="bbox 125 1236 1605 1923">
     <span class='ocr_line' id='line_1_18' title="bbox 216 1236 1604 1290; baseline 0.001 -14"><span class='ocrx_word' id='word_1_143' title='bbox 216 1237 263 1277; x_wconf 90' lang='lat' dir='ltr'>In</span> <span class='ocrx_word' id='word_1_144' title='bbox 294 1237 477 1290; x_wconf 85' lang='lat' dir='ltr'>sequenti</span> <span class='ocrx_word' id='word_1_145' title='bbox 509 1236 698 1278; x_wconf 83' lang='lat' dir='ltr'>orationis</span> <span class='ocrx_word' id='word_1_146' title='bbox 727 1238 859 1289; x_wconf 86' lang='lat' dir='ltr'>parte,</span> <span class='ocrx_word' id='word_1_147' title='bbox 891 1249 971 1289; x_wconf 86' lang='lat' dir='ltr'>qua</span> <span class='ocrx_word' id='word_1_148' title='bbox 1001 1249 1136 1289; x_wconf 88' lang='lat' dir='ltr'>regem</span> <span class='ocrx_word' id='word_1_149' title='bbox 1168 1237 1278 1285; x_wconf 88' lang='lat' dir='ltr'>deos,</span> <span class='ocrx_word' id='word_1_150' title='bbox 1311 1237 1437 1277; x_wconf 90' lang='lat' dir='ltr'>immo</span> <span class='ocrx_word' id='word_1_151' title='bbox 1468 1237 1604 1277; x_wconf 89' lang='lat' dir='ltr'>Iovem</span> 
     </span>
     <span class='ocr_line' id='line_1_19' title="bbox 127 1305 1602 1361; baseline 0.001 -13"><span class='ocrx_word' id='word_1_152' title='bbox 127 1305 284 1348; x_wconf 86' lang='lat' dir='ltr'>imitari</span> <span class='ocrx_word' id='word_1_153' title='bbox 329 1305 403 1348; x_wconf 90' lang='lat' dir='ltr'>Dio</span> <span class='ocrx_word' id='word_1_154' title='bbox 450 1306 571 1357; x_wconf 85' lang='lat' dir='ltr'>dicit,</span> <span class='ocrx_word' id='word_1_155' title='bbox 621 1305 754 1349; x_wconf 88' lang='lat' dir='ltr'>nescio</span> <span class='ocrx_word' id='word_1_156' title='bbox 801 1319 878 1361; x_wconf 93' lang='lat' dir='ltr'>quo</span> <span class='ocrx_word' id='word_1_157' title='bbox 923 1306 1009 1348; x_wconf 88' lang='lat' dir='ltr'>iure</span> <span class='ocrx_word' id='word_1_158' title='bbox 1056 1306 1196 1348; x_wconf 88' lang='lat' dir='ltr'>referri</span> <span class='ocrx_word' id='word_1_159' title='bbox 1241 1306 1368 1360; x_wconf 88' lang='lat' dir='ltr'>possit</span> <span class='ocrx_word' id='word_1_160' title='bbox 1413 1306 1462 1348; x_wconf 89' lang='lat' dir='ltr'>ad</span> <span class='ocrx_word' id='word_1_161' title='bbox 1494 1306 1517 1360; x_wconf 66' lang='grc' dir='ltr'>ἓ</span> <span class='ocrx_word' id='word_1_162' title='bbox 1549 1311 1602 1349; x_wconf 86' lang='grc'>37</span> 
     </span>
     <span class='ocr_line' id='line_1_20' title="bbox 125 1376 1605 1430; baseline 0 -13"><span class='ocrx_word' id='word_1_163' title='bbox 125 1376 270 1430; x_wconf 86' lang='lat' dir='ltr'>Cyrop.</span> <span class='ocrx_word' id='word_1_164' title='bbox 303 1377 372 1425; x_wconf 92' lang='lat' dir='ltr'>VI,</span> <span class='ocrx_word' id='word_1_165' title='bbox 407 1383 444 1425; x_wconf 84' lang='grc'>2,</span> <span class='ocrx_word' id='word_1_166' title='bbox 479 1383 546 1425; x_wconf 83' lang='grc'>29,</span> <span class='ocrx_word' id='word_1_167' title='bbox 578 1377 620 1418; x_wconf 88' lang='lat' dir='ltr'>id</span> <span class='ocrx_word' id='word_1_168' title='bbox 651 1377 756 1429; x_wconf 84' lang='lat' dir='ltr'>quod</span> <span class='ocrx_word' id='word_1_169' title='bbox 787 1378 939 1418; x_wconf 85' lang='lat' dir='ltr'>Barner</span> <span class='ocrx_word' id='word_1_170' title='bbox 969 1377 1079 1426; x_wconf 88' lang='lat' dir='ltr'>facit,</span> <span class='ocrx_word' id='word_1_171' title='bbox 1111 1390 1202 1417; x_wconf 87' lang='lat' dir='ltr'>cum</span> <span class='ocrx_word' id='word_1_172' title='bbox 1234 1379 1403 1429; x_wconf 90' lang='lat' dir='ltr'>uterque</span> <span class='ocrx_word' id='word_1_173' title='bbox 1434 1377 1605 1429; x_wconf 75' lang='lat' dir='ltr'>scriptor</span> 
     </span>
     <span class='ocr_line' id='line_1_21' title="bbox 125 1443 1605 1504; baseline 0 -16"><span class='ocrx_word' id='word_1_174' title='bbox 125 1446 235 1488; x_wconf 84' lang='lat' dir='ltr'>dicat</span> <span class='ocrx_word' id='word_1_175' title='bbox 264 1443 310 1488; x_wconf 81' lang='grc' dir='ltr'>ὃν</span> <span class='ocrx_word' id='word_1_176' title='bbox 342 1447 420 1504; x_wconf 82' lang='grc' dir='ltr'>χρὴ</span> <span class='ocrx_word' id='word_1_177' title='bbox 449 1445 752 1500; x_wconf 81' lang='grc' dir='ltr'>μιμουμένους,</span> <span class='ocrx_word' id='word_1_178' title='bbox 784 1460 846 1488; x_wconf 90' lang='lat' dir='ltr'>res</span> <span class='ocrx_word' id='word_1_179' title='bbox 884 1448 1020 1489; x_wconf 87' lang='lat' dir='ltr'>autem</span> <span class='ocrx_word' id='word_1_180' title='bbox 1052 1459 1131 1488; x_wconf 90' lang='lat' dir='ltr'>non</span> <span class='ocrx_word' id='word_1_181' title='bbox 1162 1447 1301 1489; x_wconf 85' lang='lat' dir='ltr'>eadem</span> <span class='ocrx_word' id='word_1_182' title='bbox 1332 1447 1398 1489; x_wconf 88' lang='lat' dir='ltr'>sit.</span> <span class='ocrx_word' id='word_1_183' title='bbox 1460 1446 1605 1489; x_wconf 88' lang='lat' dir='ltr'>ceteris</span> 
     </span>
     <span class='ocr_line' id='line_1_22' title="bbox 127 1507 1604 1570; baseline 0 -12"><span class='ocrx_word' id='word_1_184' title='bbox 127 1516 344 1558; x_wconf 87' lang='lat' dir='ltr'>admodum</span> <span class='ocrx_word' id='word_1_185' title='bbox 366 1507 372 1513; x_wconf 60' lang='grc'><em>’</em></span> <span class='ocrx_word' id='word_1_186' title='bbox 391 1530 518 1569; x_wconf 85' lang='lat' dir='ltr'>pauca</span> <span class='ocrx_word' id='word_1_187' title='bbox 557 1517 718 1567; x_wconf 86' lang='lat' dir='ltr'>insunt,</span> <span class='ocrx_word' id='word_1_188' title='bbox 767 1530 868 1569; x_wconf 85' lang='lat' dir='ltr'>quae</span> <span class='ocrx_word' id='word_1_189' title='bbox 906 1518 1212 1570; x_wconf 86' lang='lat' dir='ltr'>Xenophontem</span> <span class='ocrx_word' id='word_1_190' title='bbox 1261 1517 1435 1570; x_wconf 87' lang='lat' dir='ltr'>sapiunt.</span> <span class='ocrx_word' id='word_1_191' title='bbox 1497 1517 1604 1558; x_wconf 89' lang='lat' dir='ltr'>cives</span> 
     </span>
     <span class='ocr_line' id='line_1_23' title="bbox 127 1586 1604 1642; baseline 0.001 -14"><span class='ocrx_word' id='word_1_192' title='bbox 127 1600 264 1641; x_wconf 88' lang='lat' dir='ltr'>regem</span> <span class='ocrx_word' id='word_1_193' title='bbox 295 1586 526 1629; x_wconf 87' lang='lat' dir='ltr'>imitantor:</span> <span class='ocrx_word' id='word_1_194' title='bbox 559 1586 617 1628; x_wconf 90' lang='lat' dir='ltr'>sic</span> <span class='ocrx_word' id='word_1_195' title='bbox 638 1587 715 1629; x_wconf 85' lang='lat' dir='ltr'>Dio</span> <span class='ocrx_word' id='word_1_196' title='bbox 735 1587 759 1641; x_wconf 64' lang='grc' dir='ltr'><strong>ξ</strong></span> <span class='ocrx_word' id='word_1_197' title='bbox 785 1592 841 1629; x_wconf 90' lang='grc'>44</span> <span class='ocrx_word' id='word_1_198' title='bbox 862 1589 904 1629; x_wconf 90' lang='lat' dir='ltr'>et</span> <span class='ocrx_word' id='word_1_199' title='bbox 925 1587 1146 1641; x_wconf 89' lang='lat' dir='ltr'>Xenophon</span> <span class='ocrx_word' id='word_1_200' title='bbox 1167 1587 1306 1642; x_wconf 85' lang='lat' dir='ltr'>Cyrop.</span> <span class='ocrx_word' id='word_1_201' title='bbox 1330 1587 1440 1638; x_wconf 89' lang='lat' dir='ltr'>VIII,</span> <span class='ocrx_word' id='word_1_202' title='bbox 1465 1593 1504 1638; x_wconf 84' lang='lat'>6,</span> <span class='ocrx_word' id='word_1_203' title='bbox 1531 1593 1604 1636; x_wconf 78' lang='lat'>103</span> 
     </span>
     <span class='ocr_line' id='line_1_24' title="bbox 126 1657 1603 1712; baseline -0.001 -12"><span class='ocrx_word' id='word_1_204' title='bbox 126 1664 167 1707; x_wconf 88' lang='grc'>6,</span> <span class='ocrx_word' id='word_1_205' title='bbox 204 1665 268 1700; x_wconf 87' lang='grc'>13.</span> <span class='ocrx_word' id='word_1_206' title='bbox 330 1657 544 1699; x_wconf 87' lang='lat' dir='ltr'>deteriores</span> <span class='ocrx_word' id='word_1_207' title='bbox 575 1658 811 1700; x_wconf 87' lang='lat' dir='ltr'>melioribus</span> <span class='ocrx_word' id='word_1_208' title='bbox 840 1658 1034 1700; x_wconf 85' lang='lat' dir='ltr'>cedunto:</span> <span class='ocrx_word' id='word_1_209' title='bbox 1075 1659 1150 1700; x_wconf 91' lang='lat' dir='ltr'>Dio</span> <span class='ocrx_word' id='word_1_210' title='bbox 1181 1659 1203 1712; x_wconf 68' lang='grc' dir='ltr'>ξ</span> <span class='ocrx_word' id='word_1_211' title='bbox 1235 1664 1291 1700; x_wconf 88' lang='grc'>44</span> <span class='ocrx_word' id='word_1_212' title='bbox 1308 1672 1364 1712; x_wconf 90' lang='lat' dir='ltr'>sq.</span> <span class='ocrx_word' id='word_1_213' title='bbox 1398 1660 1439 1700; x_wconf 88' lang='lat' dir='ltr'>et</span> <span class='ocrx_word' id='word_1_214' title='bbox 1469 1658 1603 1700; x_wconf 91' lang='lat' dir='ltr'>Xeno-</span> 
     </span>
     <span class='ocr_line' id='line_1_25' title="bbox 126 1728 1603 1783; baseline 0 -13"><span class='ocrx_word' id='word_1_215' title='bbox 126 1729 232 1782; x_wconf 86' lang='lat' dir='ltr'>phon</span> <span class='ocrx_word' id='word_1_216' title='bbox 265 1728 405 1783; x_wconf 86' lang='lat' dir='ltr'>Gyrop.</span> <span class='ocrx_word' id='word_1_217' title='bbox 427 1728 538 1778; x_wconf 93' lang='lat' dir='ltr'>VIII,</span> <span class='ocrx_word' id='word_1_218' title='bbox 570 1736 606 1777; x_wconf 90' lang='lat'>1,</span> <span class='ocrx_word' id='word_1_219' title='bbox 639 1734 692 1771; x_wconf 83' lang='lat'>33</span> <span class='ocrx_word' id='word_1_220' title='bbox 713 1729 759 1782; x_wconf 82' lang='lat'>³).</span> <span class='ocrx_word' id='word_1_221' title='bbox 822 1731 1000 1781; x_wconf 86' lang='lat' dir='ltr'>apertam</span> <span class='ocrx_word' id='word_1_222' title='bbox 1033 1730 1168 1771; x_wconf 87' lang='lat' dir='ltr'>autem</span> <span class='ocrx_word' id='word_1_223' title='bbox 1200 1729 1478 1782; x_wconf 73' lang='lat' dir='ltr'>Xenophontis</span> <span class='ocrx_word' id='word_1_224' title='bbox 1508 1728 1603 1770; x_wconf 91' lang='lat' dir='ltr'>imi-</span> 
     </span>
     <span class='ocr_line' id='line_1_26' title="bbox 125 1799 1601 1854; baseline 0 -13"><span class='ocrx_word' id='word_1_225' title='bbox 125 1799 323 1841; x_wconf 82' lang='lat' dir='ltr'>tationem</span> <span class='ocrx_word' id='word_1_226' title='bbox 354 1801 539 1841; x_wconf 86' lang='lat' dir='ltr'>tenemus</span> <span class='ocrx_word' id='word_1_227' title='bbox 569 1799 611 1840; x_wconf 88' lang='lat' dir='ltr'>in</span> <span class='ocrx_word' id='word_1_228' title='bbox 643 1799 790 1841; x_wconf 87' lang='lat' dir='ltr'>ultima</span> <span class='ocrx_word' id='word_1_229' title='bbox 820 1799 1013 1841; x_wconf 88' lang='lat' dir='ltr'>orationis</span> <span class='ocrx_word' id='word_1_230' title='bbox 1041 1801 1174 1852; x_wconf 83' lang='lat' dir='ltr'>parte,</span> <span class='ocrx_word' id='word_1_231' title='bbox 1206 1812 1284 1854; x_wconf 86' lang='lat' dir='ltr'>qua</span> <span class='ocrx_word' id='word_1_232' title='bbox 1316 1799 1393 1841; x_wconf 91' lang='lat' dir='ltr'>Dio</span> <span class='ocrx_word' id='word_1_233' title='bbox 1424 1799 1601 1841; x_wconf 87' lang='lat' dir='ltr'>fabulam</span> 
     </span>
     <span class='ocr_line' id='line_1_27' title="bbox 127 1860 1602 1923; baseline 0.001 -13"><span class='ocrx_word' id='word_1_234' title='bbox 127 1869 242 1910; x_wconf 85' lang='lat' dir='ltr'>illam</span> <span class='ocrx_word' id='word_1_235' title='bbox 265 1869 311 1910; x_wconf 90' lang='lat' dir='ltr'>de</span> <span class='ocrx_word' id='word_1_236' title='bbox 333 1869 508 1910; x_wconf 86' lang='lat' dir='ltr'>Hercule</span> <span class='ocrx_word' id='word_1_237' title='bbox 535 1871 681 1910; x_wconf 86' lang='lat' dir='ltr'>narrat.</span> <span class='ocrx_word' id='word_1_238' title='bbox 743 1869 827 1922; x_wconf 89' lang='lat' dir='ltr'>ipse</span> <span class='ocrx_word' id='word_1_239' title='bbox 846 1869 904 1911; x_wconf 85' lang='lat' dir='ltr'>sis</span> <span class='ocrx_word' id='word_1_240' title='bbox 934 1882 1138 1923; x_wconf 81' lang='lat' dir='ltr'>compa-res</span> <span class='ocrx_word' id='word_1_241' title='bbox 1167 1870 1269 1911; x_wconf 84' lang='lat' dir='ltr'>hanc</span> <span class='ocrx_word' id='word_1_242' title='bbox 1298 1870 1478 1911; x_wconf 84' lang='lat' dir='ltr'>fabulam</span> <span class='ocrx_word' id='word_1_243' title='bbox 1510 1860 1602 1912; x_wconf 79' lang='lat' dir='ltr'>oum</span> 
     </span>
    </p>
   </div>
   <div class='ocr_carea' id='block_1_4' title="bbox 128 1965 318 1968">
    <p class='ocr_par' dir='ltr' id='par_1_5' title="bbox 128 1965 318 1968">
     <span class='ocr_line' id='line_1_28' title="bbox 128 1965 318 1968; baseline 0 0"><span class='ocrx_word' id='word_1_244' title='bbox 128 1965 318 1968; x_wconf 95' lang='lat' dir='ltr'> </span> 
     </span>
    </p>
   </div>
   <div class='ocr_carea' id='block_1_5' title="bbox 121 2019 1603 2770">
    <p class='ocr_par' dir='ltr' id='par_1_6' title="bbox 121 2019 1603 2651">
     <span class='ocr_line' id='line_1_29' title="bbox 221 2019 1603 2066; baseline 0.001 -12"><span class='ocrx_word' id='word_1_245' title='bbox 221 2021 256 2063; x_wconf 85' lang='lat'>1)</span> <span class='ocrx_word' id='word_1_246' title='bbox 281 2019 427 2055; x_wconf 91' lang='lat' dir='ltr'>Omnino</span> <span class='ocrx_word' id='word_1_247' title='bbox 452 2020 509 2054; x_wconf 81' lang='lat' dir='ltr'>hic</span> <span class='ocrx_word' id='word_1_248' title='bbox 532 2020 628 2054; x_wconf 82' lang='lat' dir='ltr'>locus</span> <span class='ocrx_word' id='word_1_249' title='bbox 652 2020 780 2066; x_wconf 88' lang='lat' dir='ltr'>optime</span> <span class='ocrx_word' id='word_1_250' title='bbox 805 2020 849 2055; x_wconf 84' lang='lat' dir='ltr'>ad</span> <span class='ocrx_word' id='word_1_251' title='bbox 874 2022 951 2055; x_wconf 83' lang='lat' dir='ltr'>tota</span> <span class='ocrx_word' id='word_1_252' title='bbox 975 2020 1096 2055; x_wconf 90' lang='lat' dir='ltr'>Dionis</span> <span class='ocrx_word' id='word_1_253' title='bbox 1121 2020 1162 2055; x_wconf 88' lang='lat' dir='ltr'>de</span> <span class='ocrx_word' id='word_1_254' title='bbox 1187 2021 1340 2056; x_wconf 85' lang='lat' dir='ltr'>amicitia</span> <span class='ocrx_word' id='word_1_255' title='bbox 1363 2021 1467 2056; x_wconf 87' lang='lat' dir='ltr'>verba</span> <span class='ocrx_word' id='word_1_256' title='bbox 1485 2021 1603 2056; x_wconf 82' lang='lat' dir='ltr'>referri</span> 
     </span>
     <span class='ocr_line' id='line_1_30' title="bbox 122 2079 1602 2125; baseline 0.001 -12"><span class='ocrx_word' id='word_1_257' title='bbox 122 2081 262 2125; x_wconf 84' lang='lat' dir='ltr'>potest,</span> <span class='ocrx_word' id='word_1_258' title='bbox 295 2090 374 2113; x_wconf 86' lang='lat' dir='ltr'>nam</span> <span class='ocrx_word' id='word_1_259' title='bbox 399 2090 467 2113; x_wconf 89' lang='lat' dir='ltr'>non</span> <span class='ocrx_word' id='word_1_260' title='bbox 492 2080 602 2113; x_wconf 87' lang='lat' dir='ltr'>solum</span> <span class='ocrx_word' id='word_1_261' title='bbox 625 2079 743 2113; x_wconf 87' lang='lat' dir='ltr'>eodem</span> <span class='ocrx_word' id='word_1_262' title='bbox 769 2079 886 2113; x_wconf 85' lang='lat' dir='ltr'>ordine</span> <span class='ocrx_word' id='word_1_263' title='bbox 912 2082 1056 2124; x_wconf 85' lang='lat' dir='ltr'>uterque</span> <span class='ocrx_word' id='word_1_264' title='bbox 1087 2080 1234 2124; x_wconf 85' lang='lat' dir='ltr'>scriptor</span> <span class='ocrx_word' id='word_1_265' title='bbox 1258 2080 1479 2125; x_wconf 87' lang='lat' dir='ltr'>progreditur</span> <span class='ocrx_word' id='word_1_266' title='bbox 1502 2080 1602 2123; x_wconf 91' lang='lat' dir='ltr'>(Xen.</span> 
     </span>
     <span class='ocr_line' id='line_1_31' title="bbox 125 2137 1603 2183; baseline 0.001 -11"><span class='ocrx_word' id='word_1_267' title='bbox 125 2137 207 2172; x_wconf 88' lang='lat' dir='ltr'>inde</span> <span class='ocrx_word' id='word_1_268' title='bbox 231 2149 252 2172; x_wconf 89' lang='lat' dir='ltr'>a</span> <span class='ocrx_word' id='word_1_269' title='bbox 276 2139 296 2182; x_wconf 63' lang='grc' dir='ltr'>ξ</span> <span class='ocrx_word' id='word_1_270' title='bbox 321 2138 375 2181; x_wconf 84' lang='grc'>5),</span> <span class='ocrx_word' id='word_1_271' title='bbox 409 2138 461 2172; x_wconf 82' lang='lat' dir='ltr'>ita</span> <span class='ocrx_word' id='word_1_272' title='bbox 485 2140 527 2172; x_wconf 91' lang='lat' dir='ltr'>ut</span> <span class='ocrx_word' id='word_1_273' title='bbox 550 2138 698 2183; x_wconf 88' lang='lat' dir='ltr'>primum</span> <span class='ocrx_word' id='word_1_274' title='bbox 723 2138 816 2172; x_wconf 80' lang='lat' dir='ltr'>dicat</span> <span class='ocrx_word' id='word_1_275' title='bbox 841 2138 1026 2172; x_wconf 88' lang='lat' dir='ltr'>amicitiam</span> <span class='ocrx_word' id='word_1_276' title='bbox 1052 2149 1223 2172; x_wconf 89' lang='lat' dir='ltr'>summum</span> <span class='ocrx_word' id='word_1_277' title='bbox 1249 2139 1374 2173; x_wconf 90' lang='lat' dir='ltr'>bonum</span> <span class='ocrx_word' id='word_1_278' title='bbox 1400 2150 1492 2183; x_wconf 87' lang='lat' dir='ltr'>esse,</span> <span class='ocrx_word' id='word_1_279' title='bbox 1527 2141 1603 2174; x_wconf 85' lang='lat' dir='ltr'>tum</span> 
     </span>
     <span class='ocr_line' id='line_1_32' title="bbox 124 2196 1602 2243; baseline 0.002 -13"><span class='ocrx_word' id='word_1_280' title='bbox 124 2197 271 2231; x_wconf 86' lang='lat' dir='ltr'>amicum</span> <span class='ocrx_word' id='word_1_281' title='bbox 296 2197 332 2231; x_wconf 89' lang='lat' dir='ltr'>in</span> <span class='ocrx_word' id='word_1_282' title='bbox 356 2197 514 2231; x_wconf 89' lang='lat' dir='ltr'>omnibus</span> <span class='ocrx_word' id='word_1_283' title='bbox 538 2196 697 2230; x_wconf 87' lang='lat' dir='ltr'>humanis</span> <span class='ocrx_word' id='word_1_284' title='bbox 722 2197 824 2231; x_wconf 87' lang='lat' dir='ltr'>rebus</span> <span class='ocrx_word' id='word_1_285' title='bbox 857 2207 989 2231; x_wconf 86' lang='lat' dir='ltr'>summa</span> <span class='ocrx_word' id='word_1_286' title='bbox 1013 2197 1168 2231; x_wconf 81' lang='lat' dir='ltr'>utilitate</span> <span class='ocrx_word' id='word_1_287' title='bbox 1193 2208 1285 2240; x_wconf 87' lang='lat' dir='ltr'>esse,</span> <span class='ocrx_word' id='word_1_288' title='bbox 1320 2200 1492 2243; x_wconf 83' lang='lat' dir='ltr'>postremo</span> <span class='ocrx_word' id='word_1_289' title='bbox 1525 2210 1602 2234; x_wconf 89' lang='lat' dir='ltr'>enm</span> 
     </span>
     <span class='ocr_line' id='line_1_33' title="bbox 121 2255 1603 2301; baseline 0.002 -12"><span class='ocrx_word' id='word_1_290' title='bbox 121 2255 255 2300; x_wconf 84' lang='lat' dir='ltr'>optime</span> <span class='ocrx_word' id='word_1_291' title='bbox 292 2266 368 2290; x_wconf 89' lang='lat' dir='ltr'>cum</span> <span class='ocrx_word' id='word_1_292' title='bbox 402 2255 549 2289; x_wconf 87' lang='lat' dir='ltr'>hominis</span> <span class='ocrx_word' id='word_1_293' title='bbox 583 2256 740 2290; x_wconf 87' lang='lat' dir='ltr'>sensibus</span> <span class='ocrx_word' id='word_1_294' title='bbox 773 2256 963 2301; x_wconf 85' lang='lat' dir='ltr'>comparari</span> <span class='ocrx_word' id='word_1_295' title='bbox 999 2256 1052 2290; x_wconf 80' lang='lat' dir='ltr'>vel</span> <span class='ocrx_word' id='word_1_296' title='bbox 1088 2255 1131 2290; x_wconf 88' lang='lat' dir='ltr'>iis</span> <span class='ocrx_word' id='word_1_297' title='bbox 1167 2259 1362 2301; x_wconf 85' lang='lat' dir='ltr'>praestare,</span> <span class='ocrx_word' id='word_1_298' title='bbox 1401 2257 1460 2291; x_wconf 87' lang='lat' dir='ltr'>sed</span> <span class='ocrx_word' id='word_1_299' title='bbox 1497 2257 1603 2292; x_wconf 79' lang='lat' dir='ltr'>etiam</span> 
     </span>
     <span class='ocr_line' id='line_1_34' title="bbox 126 2314 1602 2361; baseline 0.002 -13"><span class='ocrx_word' id='word_1_300' title='bbox 126 2314 301 2348; x_wconf 85' lang='lat' dir='ltr'>simillima</span> <span class='ocrx_word' id='word_1_301' title='bbox 325 2314 562 2359; x_wconf 83' lang='lat' dir='ltr'>interrogandi</span> <span class='ocrx_word' id='word_1_302' title='bbox 586 2314 694 2349; x_wconf 88' lang='lat' dir='ltr'>forma</span> <span class='ocrx_word' id='word_1_303' title='bbox 718 2315 892 2349; x_wconf 88' lang='lat' dir='ltr'>invenitur</span> <span class='ocrx_word' id='word_1_304' title='bbox 916 2315 1007 2361; x_wconf 88' lang='lat' dir='ltr'>apud</span> <span class='ocrx_word' id='word_1_305' title='bbox 1031 2315 1293 2360; x_wconf 85' lang='lat' dir='ltr'>Xenophontem</span> <span class='ocrx_word' id='word_1_306' title='bbox 1313 2316 1332 2360; x_wconf 67' lang='grc' dir='ltr'>ξ</span> <span class='ocrx_word' id='word_1_307' title='bbox 1351 2316 1373 2350; x_wconf 83' lang='lat'>5</span> <span class='ocrx_word' id='word_1_308' title='bbox 1398 2318 1435 2350; x_wconf 87' lang='lat' dir='ltr'>et</span> <span class='ocrx_word' id='word_1_309' title='bbox 1458 2316 1602 2352; x_wconf 88' lang='lat' dir='ltr'>Dionem</span> 
     </span>
     <span class='ocr_line' id='line_1_35' title="bbox 122 2371 1602 2420; baseline 0.003 -15"><span class='ocrx_word' id='word_1_310' title='bbox 122 2371 145 2415; x_wconf 67' lang='grc' dir='ltr'><strong>ξ</strong></span> <span class='ocrx_word' id='word_1_311' title='bbox 169 2372 226 2406; x_wconf 88' lang='grc'>31.</span> <span class='ocrx_word' id='word_1_312' title='bbox 277 2372 330 2406; x_wconf 92' lang='lat' dir='ltr'>Ad</span> <span class='ocrx_word' id='word_1_313' title='bbox 357 2372 378 2414; x_wconf 69' lang='grc' dir='ltr'><strong>ξ</strong></span> <span class='ocrx_word' id='word_1_314' title='bbox 403 2374 446 2407; x_wconf 89' lang='grc'>31</span> <span class='ocrx_word' id='word_1_315' title='bbox 481 2373 613 2407; x_wconf 87' lang='lat' dir='ltr'>Barner</span> <span class='ocrx_word' id='word_1_316' title='bbox 645 2384 678 2418; x_wconf 90' lang='lat' dir='ltr'>p.</span> <span class='ocrx_word' id='word_1_317' title='bbox 705 2374 747 2408; x_wconf 91' lang='grc'>21</span> <span class='ocrx_word' id='word_1_318' title='bbox 785 2374 909 2408; x_wconf 84' lang='lat' dir='ltr'>attulit</span> <span class='ocrx_word' id='word_1_319' title='bbox 933 2374 1072 2409; x_wconf 86' lang='lat' dir='ltr'>Hieron.</span> <span class='ocrx_word' id='word_1_320' title='bbox 1098 2374 1158 2416; x_wconf 89' lang='lat' dir='ltr'>XI,</span> <span class='ocrx_word' id='word_1_321' title='bbox 1185 2375 1249 2416; x_wconf 86' lang='lat'>11;</span> <span class='ocrx_word' id='word_1_322' title='bbox 1285 2374 1360 2417; x_wconf 91' lang='lat' dir='ltr'>VII,</span> <span class='ocrx_word' id='word_1_323' title='bbox 1386 2376 1441 2410; x_wconf 93' lang='lat'>10.</span> <span class='ocrx_word' id='word_1_324' title='bbox 1480 2374 1602 2420; x_wconf 86' lang='lat' dir='ltr'>Cyrop.</span> 
     </span>
     <span class='ocr_line' id='line_1_36' title="bbox 124 2428 1603 2478; baseline 0.003 -15"><span class='ocrx_word' id='word_1_325' title='bbox 124 2428 204 2473; x_wconf 88' lang='lat' dir='ltr'>VH,</span> <span class='ocrx_word' id='word_1_326' title='bbox 231 2430 263 2472; x_wconf 89' lang='lat'>1,</span> <span class='ocrx_word' id='word_1_327' title='bbox 288 2430 351 2473; x_wconf 83' lang='grc' dir='ltr'>3ος</span> <span class='ocrx_word' id='word_1_328' title='bbox 377 2430 472 2474; x_wconf 87' lang='lat' dir='ltr'>VIII,</span> <span class='ocrx_word' id='word_1_329' title='bbox 500 2431 531 2475; x_wconf 79' lang='lat'>7,</span> <span class='ocrx_word' id='word_1_330' title='bbox 558 2432 613 2475; x_wconf 87' lang='lat'>13,</span> <span class='ocrx_word' id='word_1_331' title='bbox 652 2432 711 2477; x_wconf 88' lang='lat' dir='ltr'>qui</span> <span class='ocrx_word' id='word_1_332' title='bbox 735 2432 801 2467; x_wconf 83' lang='lat' dir='ltr'>loci</span> <span class='ocrx_word' id='word_1_333' title='bbox 825 2443 866 2467; x_wconf 85' lang='lat' dir='ltr'>ex</span> <span class='ocrx_word' id='word_1_334' title='bbox 889 2434 988 2478; x_wconf 83' lang='lat' dir='ltr'>parte</span> <span class='ocrx_word' id='word_1_335' title='bbox 1013 2432 1168 2478; x_wconf 87' lang='lat' dir='ltr'>quidem,</span> <span class='ocrx_word' id='word_1_336' title='bbox 1202 2432 1261 2467; x_wconf 85' lang='lat' dir='ltr'>sed</span> <span class='ocrx_word' id='word_1_337' title='bbox 1286 2433 1424 2468; x_wconf 89' lang='lat' dir='ltr'>minime</span> <span class='ocrx_word' id='word_1_338' title='bbox 1458 2435 1535 2468; x_wconf 85' lang='lat' dir='ltr'>tota</span> <span class='ocrx_word' id='word_1_339' title='bbox 1566 2445 1603 2468; x_wconf 91' lang='lat' dir='ltr'>re</span> 
     </span>
     <span class='ocr_line' id='line_1_37' title="bbox 123 2488 1601 2538; baseline 0.003 -16"><span class='ocrx_word' id='word_1_340' title='bbox 123 2499 201 2523; x_wconf 92' lang='lat' dir='ltr'>cum</span> <span class='ocrx_word' id='word_1_341' title='bbox 234 2488 343 2523; x_wconf 86' lang='lat' dir='ltr'>Dione</span> <span class='ocrx_word' id='word_1_342' title='bbox 379 2490 610 2526; x_wconf 86' lang='lat' dir='ltr'>consentiunt.</span> <span class='ocrx_word' id='word_1_343' title='bbox 660 2491 751 2525; x_wconf 91' lang='lat' dir='ltr'>idem</span> <span class='ocrx_word' id='word_1_344' title='bbox 787 2491 965 2526; x_wconf 88' lang='lat' dir='ltr'>dicendum</span> <span class='ocrx_word' id='word_1_345' title='bbox 1003 2494 1058 2526; x_wconf 88' lang='lat' dir='ltr'>est</span> <span class='ocrx_word' id='word_1_346' title='bbox 1089 2492 1130 2526; x_wconf 87' lang='lat' dir='ltr'>de</span> <span class='ocrx_word' id='word_1_347' title='bbox 1161 2492 1204 2526; x_wconf 84' lang='lat' dir='ltr'>iis</span> <span class='ocrx_word' id='word_1_348' title='bbox 1236 2492 1475 2538; x_wconf 85' lang='lat' dir='ltr'>Xenophontis</span> <span class='ocrx_word' id='word_1_349' title='bbox 1507 2493 1601 2536; x_wconf 84' lang='lat' dir='ltr'>locis,</span> 
     </span>
     <span class='ocr_line' id='line_1_38' title="bbox 122 2548 1603 2596; baseline 0.003 -14"><span class='ocrx_word' id='word_1_350' title='bbox 122 2559 211 2594; x_wconf 85' lang='lat' dir='ltr'>quos</span> <span class='ocrx_word' id='word_1_351' title='bbox 235 2548 480 2594; x_wconf 85' lang='lat' dir='ltr'>comparandos</span> <span class='ocrx_word' id='word_1_352' title='bbox 505 2549 636 2594; x_wconf 87' lang='lat' dir='ltr'>profert</span> <span class='ocrx_word' id='word_1_353' title='bbox 660 2561 737 2584; x_wconf 83' lang='lat' dir='ltr'>oum</span> <span class='ocrx_word' id='word_1_354' title='bbox 762 2551 781 2594; x_wconf 66' lang='grc' dir='ltr'><strong>ἓ</strong></span> <span class='ocrx_word' id='word_1_355' title='bbox 807 2550 863 2593; x_wconf 85' lang='grc'>32,</span> <span class='ocrx_word' id='word_1_356' title='bbox 889 2549 1009 2596; x_wconf 90' lang='lat' dir='ltr'>Cyrop.</span> <span class='ocrx_word' id='word_1_357' title='bbox 1035 2550 1129 2594; x_wconf 86' lang='lat' dir='ltr'>VIII,</span> <span class='ocrx_word' id='word_1_358' title='bbox 1156 2551 1189 2594; x_wconf 87' lang='grc'>2,</span> <span class='ocrx_word' id='word_1_359' title='bbox 1217 2551 1371 2593; x_wconf 81' lang='lat'>10—12;</span> <span class='ocrx_word' id='word_1_360' title='bbox 1403 2552 1435 2595; x_wconf 84' lang='lat'>6,</span> <span class='ocrx_word' id='word_1_361' title='bbox 1463 2552 1517 2595; x_wconf 85' lang='lat'>16,</span> <span class='ocrx_word' id='word_1_362' title='bbox 1544 2551 1603 2586; x_wconf 87' lang='lat' dir='ltr'>ubi</span> 
     </span>
     <span class='ocr_line' id='line_1_39' title="bbox 123 2606 1061 2651; baseline 0.002 -10"><span class='ocrx_word' id='word_1_363' title='bbox 123 2607 167 2641; x_wconf 91' lang='lat' dir='ltr'>de</span> <span class='ocrx_word' id='word_1_364' title='bbox 192 2606 299 2641; x_wconf 83' lang='lat' dir='ltr'>oculis</span> <span class='ocrx_word' id='word_1_365' title='bbox 323 2608 360 2641; x_wconf 86' lang='lat' dir='ltr'>et</span> <span class='ocrx_word' id='word_1_366' title='bbox 384 2607 525 2641; x_wconf 88' lang='lat' dir='ltr'>auribus</span> <span class='ocrx_word' id='word_1_367' title='bbox 549 2608 641 2651; x_wconf 86' lang='lat' dir='ltr'>regis</span> <span class='ocrx_word' id='word_1_368' title='bbox 667 2609 848 2643; x_wconf 86' lang='lat' dir='ltr'>Persarum</span> <span class='ocrx_word' id='word_1_369' title='bbox 875 2620 984 2643; x_wconf 87' lang='lat' dir='ltr'>sermo</span> <span class='ocrx_word' id='word_1_370' title='bbox 1009 2609 1061 2644; x_wconf 88' lang='lat' dir='ltr'>fit.</span> 
     </span>
    </p>

    <p class='ocr_par' dir='ltr' id='par_1_7' title="bbox 219 2664 827 2712">
     <span class='ocr_line' id='line_1_40' title="bbox 219 2664 827 2712; baseline 0.003 -12"><span class='ocrx_word' id='word_1_371' title='bbox 219 2665 255 2707; x_wconf 97' lang='grc'>2)</span> <span class='ocrx_word' id='word_1_372' title='bbox 280 2664 330 2701; x_wconf 90' lang='lat' dir='ltr'>Cf.</span> <span class='ocrx_word' id='word_1_373' title='bbox 355 2667 533 2711; x_wconf 80' lang='lat' dir='ltr'>praeterea</span> <span class='ocrx_word' id='word_1_374' title='bbox 556 2666 688 2701; x_wconf 86' lang='lat' dir='ltr'>Barner</span> <span class='ocrx_word' id='word_1_375' title='bbox 711 2679 744 2712; x_wconf 90' lang='lat' dir='ltr'>p.</span> <span class='ocrx_word' id='word_1_376' title='bbox 771 2667 827 2702; x_wconf 90' lang='grc'>22.</span> 
     </span>
    </p>

    <p class='ocr_par' dir='ltr' id='par_1_8' title="bbox 218 2724 625 2770">
     <span class='ocr_line' id='line_1_41' title="bbox 218 2724 625 2770; baseline -0.002 -10"><span class='ocrx_word' id='word_1_377' title='bbox 218 2725 254 2767; x_wconf 85' lang='grc'>3)</span> <span class='ocrx_word' id='word_1_378' title='bbox 279 2724 329 2760; x_wconf 86' lang='lat' dir='ltr'>Cf.</span> <span class='ocrx_word' id='word_1_379' title='bbox 356 2725 486 2759; x_wconf 86' lang='lat' dir='ltr'>Barner</span> <span class='ocrx_word' id='word_1_380' title='bbox 509 2736 542 2770; x_wconf 91' lang='lat' dir='ltr'>p.</span> <span class='ocrx_word' id='word_1_381' title='bbox 569 2725 625 2759; x_wconf 91' lang='grc'>22.</span> 
     </span>
    </p>
   </div>
  </div>
 </body>
</html>
