1772 2936
865 49 921 87 66

141 172 308 216 vissent.
352 172 423 215 sed
442 171 634 228 quoniam
666 173 810 215 neuter
841 184 982 216 eorum
1012 172 1162 217 diserte
1183 172 1522 227 comparationem
1543 185 1635 228 per·

140 243 256 294 fecit,
287 256 398 286 nunc
427 242 650 298 proferam,
689 256 790 298 quae
831 243 937 286 mihi
976 245 1026 287 de
1064 244 1129 287 his
1172 243 1344 298 dialogis
1374 243 1542 286 dicenda
1572 243 1634 286 vi-

137 314 311 366 dentur,
354 312 416 357 ita
454 314 503 356 ut
543 312 670 356 etiam
710 326 758 357 ex
796 314 873 357 hoc
911 314 1000 358 loco
1038 314 1181 358 Dionis
1219 313 1353 357 aliena
1388 313 1633 360 retractandi

139 385 247 428 ratio
277 385 522 428 illustretur.

231 455 295 498 Ac
324 455 507 510 primum
538 455 705 509 quidem
735 455 885 499 titulus
915 456 1126 511 utriusque
1157 455 1299 510 scripti
1320 455 1427 498 idem
1449 456 1512 497 est
1531 453 1633 512 περὶ

140 533 218 569 τοῦ
246 526 548 581 βουλεύεσθαι.
609 527 701 568 tum
740 525 845 581 quod
876 526 954 568 Dio
985 526 1154 569 initium
1192 526 1292 569 facit
1329 539 1353 568 a
1388 527 1498 568 certo
1536 538 1632 568 con-

139 595 248 648 silio,
280 596 348 641 cui
379 597 428 648 is,
459 609 632 652 quocum
663 596 848 651 dialogus
878 596 936 647 fit,
968 596 1169 648 interfuit,
1200 597 1324 640 habes
1353 597 1462 639 idem
1494 596 1537 638 in
1566 596 1631 640 Si-

140 667 268 721 sypho
282 699 292 717 ‚
332 666 493 709 scilicet
523 666 728 708 Socratem
770 666 1067 721 colloquentem
1097 679 1192 708 cum
1222 666 1393 720 Sisypho
1424 666 1633 709 Pharsalio

141 736 337 790 postridie
369 749 493 790 quam
512 736 816 779 Pharsaliorum
849 736 1065 780 consilium
1096 737 1284 779 habitum
1315 739 1388 780 est.
1449 737 1633 791 sequitur

143 806 286 850 statim
317 806 425 861 apud
456 808 687 862 utrumque,
719 808 768 865 ut
798 806 962 862 dialogi,
994 809 1040 850 ut
1071 808 1127 850 ita
1160 806 1306 858 dicam,
1337 808 1633 863 protagonistes

140 880 322 932 quaerat,
353 877 452 932 quid
482 878 538 920 sit
568 878 790 921 consiliari.

316 971 474 1028 Sisyph.
511 977 594 1015 387
618 971 671 1014 C:
1165 972 1243 1015 Dio
1274 973 1299 1026 ξ
1335 979 1379 1014 1:

193 1048 331 1096 Ἀλλὰ
363 1053 466 1111 περὶ
498 1052 630 1096 αὐτοῦ
649 1059 728 1096 τοῦ
745 1056 848 1108 βου-
980 1052 1057 1096 καὶ
1088 1052 1296 1111 ἀναζητῶ,
1327 1051 1373 1096 τί
1392 1050 1484 1096 ἐστι
1504 1059 1630 1095 τοῦτο

136 1124 344 1167 λεύεσθαι
375 1132 563 1180 πρῶτον,
610 1123 679 1166 ὅτι
718 1120 848 1176 ἔστιν,
922 1123 947 1165 δ’
990 1139 1102 1180 φατε
1148 1124 1444 1178 βουλεύεσθαι.
1511 1123 1629 1178 (quae

140 1186 459 1252 ἐπιχειρήσαιμ’
486 1194 537 1237 ἂν
567 1192 851 1251 διαλεχθῆναί
923 1195 1114 1237 secuntur
1159 1194 1280 1237 verba.
1318 1195 1427 1236 recte
1463 1193 1632 1236 seclusit

137 1279 221 1308 σοι.
922 1265 971 1306 de
1002 1264 1185 1318 Arnim.)

136 1335 338 1378 refutatur
379 1334 525 1377 deinde
564 1335 747 1388 primum
778 1347 826 1377 ea
856 1335 1076 1385 sententia,
1116 1347 1165 1376 ex
1204 1347 1282 1390 qua
1313 1334 1549 1377 consilietur
1580 1335 1628 1385 is,

137 1405 210 1459 qui
256 1405 306 1448 de
354 1417 396 1447 re
440 1404 560 1458 plane
606 1404 818 1460 incognita
862 1404 949 1446 sine
995 1404 1080 1446 ulla
1124 1404 1282 1447 ratione
1320 1404 1477 1458 aliquid
1523 1405 1628 1447 divi-

139 1476 280 1518 netur:

399 1550 483 1588 387
518 1545 574 1586 D:
1222 1545 1245 1598 ξ
1279 1550 1324 1586 1:

133 1612 178 1658 εἴ
194 1613 244 1670 γέ
263 1630 307 1657 τι
328 1613 436 1657 ἄλλο
466 1613 583 1657 ἐστὶν
613 1614 769 1671 ἢὸπερ
798 1614 849 1657 τὸ
979 1612 1024 1656 τί
1063 1612 1139 1656 δαί
1148 1633 1160 1666 ‚·
1207 1612 1235 1655 ἃ
1264 1612 1340 1656 οὐκ
1379 1609 1490 1656 οἶδεν
1531 1613 1629 1658 οὐδὲ

133 1685 193 1743 μὴ
224 1683 513 1738 ἐπιστάμενόν
542 1700 640 1726 τινα
663 1683 766 1740 περὶ
787 1680 846 1726 ὧν
919 1681 1168 1735 ἐπίσταται,
1180 1681 1284 1738 περὶ
1301 1683 1462 1726 τούτων
1477 1685 1625 1741 ὥσπερ

135 1755 186 1797 ἂν
217 1753 291 1812 δέῃ
321 1770 366 1797 τι
396 1753 617 1810 πράττειν,
659 1753 845 1808 διαμαν-
919 1752 1303 1807 διαμαντευόμενος
1348 1752 1421 1795 καὶ
1468 1753 1626 1811 ἀναζη-

134 1824 356 1879 τευόμενον
376 1822 452 1866 καὶ
476 1822 753 1877 σχεδιάζοντα
775 1822 846 1866 λέ-
918 1831 1005 1865 τῶν
1035 1831 1191 1878 γνῶναι
1223 1820 1252 1864 ἃ
1282 1821 1358 1865 οὐκ
1388 1817 1524 1877 efficat,-

131 1909 220 1950 γειν
249 1894 319 1937 ὅτι
349 1893 401 1937 ἂν
430 1893 544 1951 τύχῃ.

131 1976 280 2032 quibus
319 1976 492 2019 abiectis
531 1975 747 2029 scriptores
787 1975 838 2018 ad
875 1975 1046 2018 alteram
1087 1975 1362 2030 quaestionem
1403 1977 1626 2024 transeunt,

131 2059 232 2090 num
263 2046 300 2088 is
332 2045 381 2088 de
413 2059 456 2088 re
487 2045 660 2101 quadam
691 2045 898 2088 consiliari
928 2045 1075 2099 possit,
1115 2046 1185 2099 qui
1219 2045 1321 2088 sciat
1350 2044 1514 2100 quidem
1544 2045 1626 2088 alia

132 2129 235 2169 quae
265 2117 317 2158 ad
348 2129 436 2158 rem
466 2115 687 2170 pertinent,
718 2115 800 2157 alia
830 2128 924 2158 vero
955 2115 1128 2157 nesciat:

396 2201 481 2240 388
513 2197 572 2239 A:
1219 2198 1245 2249 ξ
1278 2201 1328 2239 2:

195 2266 245 2310 οὗ
256 2265 400 2310 τοίνυν
414 2267 609 2310 τοιοῦτόν
625 2267 754 2320 ἐστιν,
776 2260 841 2310 οἶ-
973 2266 1052 2322 ὅρα
1099 2263 1170 2309 οὖν
1209 2267 1267 2324 μὴ
1306 2266 1469 2310 τοιόνδε
1506 2282 1551 2309 τι
1596 2256 1626 2324 ᾗ

132 2336 264 2394 όνπερ
294 2338 354 2394 μὴ
386 2335 664 2380 ἐπίστασθαι
687 2337 845 2394 κομιδῆ
916 2337 967 2380 τὸ
992 2336 1278 2391 βουλεύεσθαι
1300 2337 1410 2379 ὥστε
1428 2338 1525 2379 τινὰ
1544 2336 1626 2391 μὲν

128 2406 282 2466 μηδέν,
325 2399 419 2449 ἀλλ’
452 2400 543 2451 οἷον
581 2408 633 2451 τὸ
672 2406 752 2462 μὲν
781 2404 845 2451 εῑ-
916 2404 1096 2460 εἰδέναι,
1137 2407 1234 2450 τινὰ
1265 2405 1313 2450 δὲ
1342 2406 1518 2463 ἀγνοεῖν,
1548 2405 1625 2450 καὶ

129 2476 252 2522 δέναι
284 2494 330 2521 τι
359 2485 438 2521 τοῦ
457 2477 720 2536 πράγματος
750 2477 843 2536 ἤδη,
915 2484 1042 2521 τοῦτο
1071 2468 1102 2536 ᾗ
1132 2476 1236 2535 περὶ
1266 2474 1319 2521 οὗ
1350 2478 1625 2533 βουλεύονται

129 2549 180 2592 τὸ
209 2547 258 2592 δὲ
288 2546 474 2606 μηδέπω
505 2546 795 2592 ἐπίστασθαι.
915 2547 1169 2606 ἅνθρωποις

224 2631 337 2684 Quae
368 2632 584 2682 secuntur,
626 2631 861 2674 difficiliora
890 2632 1005 2681 sunt,
1048 2635 1142 2673 cutn
1174 2631 1252 2674 Dio
1283 2644 1362 2674 non
1392 2631 1474 2673 iam
1505 2630 1624 2684 plane

129 2713 224 2744 cum
254 2700 427 2756 Sisypho
459 2702 698 2763 consentiat,
730 2700 799 2744 sed
832 2701 920 2744 eius
950 2700 1173 2744 sententias
1205 2700 1427 2744 mutaverit
1457 2702 1499 2744 et
1528 2714 1623 2745 con-
