1772 2936
853 89 904 126 31

136 214 335 256 contraria
373 214 527 262 dicere,
575 225 665 255 cum
705 212 865 267 turpius
909 214 1070 255 censeat
1115 225 1294 255 maerore
1341 212 1448 255 vinci
1496 224 1623 266 quam
1692 230 1700 237 ·

135 284 363 337 voluptate,
394 285 445 326 cf.
477 285 599 337 Legg.
633 288 717 326 633
734 283 780 324 Ε.
831 282 882 325 ad
903 295 958 326 or.
982 283 1137 333 XVHI,
1168 283 1193 336 ξ
1224 288 1265 332 4,
1297 283 1369 324 ubi
1401 283 1616 325 Platonem

134 352 455 408 intellegendum
486 365 570 397 esse
609 354 692 395 iam
733 352 838 404 dixi,
879 352 1014 396 confer
1045 352 1214 396 Phaedr.
1248 358 1332 396 242
1356 351 1407 395 C:
1445 349 1536 407 εἰμὶ
1565 351 1626 409 δὴ

137 420 209 465 οὖν
252 423 404 474 μάντις
436 455 445 464 .
469 455 478 464 .
502 454 512 464 .
544 422 643 464 ὅσον
686 421 766 476 μὲν
810 421 983 480 ἐμαυτῷ
1026 422 1154 477 μόνον
1199 420 1356 473 ἱκανός.
1417 423 1522 477 quod
1567 421 1619 464 de

133 493 384 548 singulorum
405 493 618 536 hominum
650 493 911 536 daemonibus
931 493 1009 536 Dio
1030 507 1086 536 or.
1113 493 1254 536 XXIV
1283 493 1474 548 loquitur,
1506 505 1622 535 com-

131 564 263 617 parari
281 565 472 617 ‚possunt
512 563 635 605 multi
669 562 851 606 Platonis
895 562 997 613 loci,
1037 563 1171 606 Alcib.
1209 568 1291 607 134
1314 563 1373 612 A;
1413 561 1622 605 Phaedon,

138 639 220 678 107
245 635 305 684 Ι);
336 634 459 687 Legg.
496 639 579 677 730
602 634 638 676 Α
671 636 747 676 etc.
785 635 827 676 in
858 635 996 676 eadem
1028 634 1206 677 oratione
1237 635 1261 688 ξ
1292 640 1316 676 3
1349 633 1428 676 Dio
1459 633 1615 676 dictum

132 703 293 746 Prodici
313 703 442 754 affert,
473 703 541 746 sed
563 705 672 746 certe
694 716 772 746 non
799 716 821 746 e
843 703 1011 747 Prodico
1041 703 1141 759 ipso,
1173 703 1242 746 sed
1263 717 1284 746 e
1307 704 1411 746 Plat.
1435 702 1609 759 Euthyd.

133 781 216 817 305
239 774 290 816 C:
321 775 392 823 οὕς
423 806 433 815 .
456 806 466 815 .
489 807 499 815 .
529 774 720 829 μεθόρια
751 769 861 816 εἶναι
892 774 1134 831 φιλοσόφου
1165 790 1212 816 τε
1241 774 1392 830 ἀνδρὸς
1421 773 1498 815 καὶ
1528 789 1614 815 πο-

130 843 306 887 λιτικοῦ.
370 843 580 886 Platonica
618 843 744 886 etiam
784 846 898 895 sunt,
940 856 1041 898 quae
1083 844 1159 886 Dio
1198 844 1318 898 paulo
1356 845 1450 886 ante
1490 843 1619 886 dicit:

131 914 174 957 ἐν
203 912 498 971 δικαστηρίοις
535 912 825 969 ἀγωνίζεσθαι
864 914 1056 969 (Euthyd.
1089 919 1172 957 305
1196 915 1261 968 B).
1322 914 1365 955 in
1395 913 1475 955 fine
1505 914 1613 956 eius-

130 984 219 1026 dem
251 984 445 1026 orationis
474 996 552 1026 non
584 985 763 1026 omnium
807 984 1019 1027 hominum
1059 984 1196 1026 laudes
1235 983 1478 1038 appetendas
1514 996 1619 1034 esse,

128 1054 196 1096 sed
233 1054 480 1108 optimorum
511 1053 641 1096 solum
673 1054 750 1096 Dio
781 1054 905 1104 dicit3
944 1054 1051 1096 idem
1090 1054 1173 1095 fere
1203 1053 1322 1095 Plato
1353 1049 1506 1096 Criton.
1538 1059 1608 1097 47.

129 1124 177 1166 de
218 1124 396 1166 oratione
428 1123 588 1173 XXVI,
630 1137 749 1177 quam
788 1125 917 1166 totam
956 1124 1006 1165 ad
1038 1124 1418 1165 Pseudo-Platonis
1448 1123 1619 1177 Sisyphi.

127 1193 356 1248 exemplum
403 1192 672 1247 conscriptam
717 1206 800 1236 esse
847 1206 974 1248 nuper
1025 1193 1102 1236 viri
1147 1193 1256 1236 docti
1305 1193 1615 1243 intellexerunt,

126 1265 233 1307 infra
262 1265 407 1307 diserte
438 1277 568 1318 agam.
630 1264 745 1316 Quod
775 1264 854 1306 Dio
885 1277 941 1306 or.
972 1265 1127 1313 XXIX,
1161 1271 1184 1307 7
1218 1264 1320 1306 dicit
1350 1264 1398 1305 de
1427 1264 1610 1318 pulchri-

128 1335 291 1386 tudine,
332 1335 498 1378 fortasse
528 1334 719 1377 meminit
749 1333 920 1377 Phaedr.
955 1339 1038 1377 250
1060 1335 1094 1376 B
1118 1335 1166 1376 D.
1207 1334 1434 1376 accuratius
1464 1334 1619 1376 deinde-

125 1406 267 1459 Hagen
309 1406 356 1446 de
395 1405 572 1446 oratione
612 1405 733 1446 XXX
774 1405 860 1458 egit
900 1408 955 1458 (p.
992 1411 1044 1447 18
1066 1406 1183 1458 sqq.).
1247 1404 1494 1458 comparavit
1524 1404 1547 1458 ξ
1579 1409 1605 1446 8

125 1489 218 1519 cum
250 1476 434 1519 Platonis
465 1475 652 1529 Reipubl.
685 1481 769 1519 380
791 1475 823 1518 C
861 1475 1061 1529 (omnium
1102 1475 1297 1518 bonorum
1327 1475 1393 1517 dei
1422 1477 1617 1518 auctores

124 1548 240 1598 sunt3
281 1547 389 1588 idem
421 1558 476 1588 or.
508 1546 691 1596 XXXII,
736 1547 828 1600 14),
860 1546 884 1600 ξ
918 1552 970 1588 10
1002 1548 1044 1588 et
1076 1553 1126 1588 11
1162 1558 1254 1587 cum
1286 1545 1434 1600 Oratyl.
1468 1550 1553 1588 400
1575 1545 1614 1587 C·

123 1616 261 1671 (Gorg.
293 1623 378 1660 493
401 1617 481 1668 A),
522 1616 545 1670 ξ
576 1622 631 1659 25
664 1629 756 1658 cum
791 1616 991 1659 Phaedon.
1026 1622 1078 1659 62
1102 1617 1149 1668 Β,
1180 1616 1204 1669 ξ
1237 1621 1291 1658 26
1329 1628 1422 1658 cum
1453 1615 1606 1658 Critiae

126 1693 208 1731 109
233 1688 280 1738 Β,
313 1692 365 1731 27
401 1699 492 1728 cum
527 1687 648 1740 Legg.
684 1691 766 1729 713
791 1687 840 1736 D,
874 1691 1045 1730 30—32
1090 1699 1180 1728 cum
1225 1686 1346 1728 Polit.
1379 1692 1462 1729 272
1485 1686 1536 1737 A,
1560 1687 1615 1737 1⁴3,

123 1758 184 1801 ita
212 1760 261 1800 ut
290 1758 504 1811 intellegas
534 1757 736 1810 permulta
766 1757 888 1798 huius
918 1757 1110 1799 orationis
1140 1756 1351 1799 Platonica
1382 1770 1477 1799 esse.
1525 1770 1604 1810 qua

125 1828 173 1870 de
203 1840 246 1869 re
277 1827 382 1870 infra
412 1826 529 1869 nobis
560 1826 774 1869 dicendum
806 1826 897 1870 erit.

210 1897 364 1940 Ceteris
394 1897 539 1939 Dionis
569 1897 818 1939 orationibus
848 1910 927 1939 non
958 1899 1042 1938 tam
1064 1897 1196 1939 multa
1218 1898 1430 1939 Platonica
1449 1898 1601 1940 insunt.

121 1980 177 2010 or.
195 1967 350 2018 XXXI,
377 1973 431 2010 58
456 1967 534 2009 Dio
550 1967 736 2009 homines
751 1967 875 2009 bonos
889 1969 930 2009 et
947 1967 1113 2010 iustosa
1128 1968 1190 2009 dis
1206 1966 1325 2022 diligi
1341 1967 1457 2019 dicit,
1482 1980 1610 2022 quam.

119 2037 169 2080 ad
200 2037 444 2080 sententiam
471 2037 521 2079 cf.
544 2037 734 2090 Reipubl.
758 2042 841 2080 352
859 2038 907 2087 B,
940 2042 1023 2080 382
1042 2038 1086 2079 Ε.
1120 2038 1163 2079 in
1183 2038 1389 2091 sequentis
1408 2037 1614 2080 orationis-

119 2108 143 2161 ξ
160 2113 213 2151 25
232 2107 442 2150 scribenda
459 2107 535 2150 Dio
551 2108 717 2150 fortasse
734 2121 872 2150 rursus
881 2097 1158 2161 Reipublicae,
1175 2107 1272 2149 libri
1288 2107 1600 2150 familiarissimi

119 2177 322 2228 meminit,
353 2190 447 2219 cum
478 2178 686 2220 civitatem
718 2190 809 2219 cum
843 2178 1005 2220 homine
1036 2179 1297 2231 compararet.
1348 2177 1398 2219 ad
1420 2177 1600 2220 eiusdem

119 2260 174 2290 or.
206 2247 231 2300 ἓ
263 2253 316 2290 63
338 2260 425 2301 sqq.
457 2248 597 2290 Hirzel
627 2248 671 2290 in
703 2248 854 2302 dialogi
885 2247 960 2290 vol.
989 2248 1045 2298 H,
1076 2260 1114 2301 p.
1142 2254 1238 2298 109,
1260 2253 1286 2289 4
1317 2249 1426 2290 recte
1454 2247 1615 2290 attulit.

106 2316 288 2360 'Phaedr.
315 2330 355 2370 p.
378 2322 479 2361 259.
531 2317 579 2360 de
610 2317 790 2361 oratione
820 2318 1002 2361 XXXVI
1031 2318 1175 2372 Hagen
1204 2318 1379 2371 amplius
1410 2317 1600 2360 disseruit

117 2400 156 2442 p.
191 2392 242 2429 21
259 2399 341 2442 sqq.
374 2400 474 2442 quae
508 2387 584 2430 Dio
613 2390 639 2442 ξ
663 2393 717 2430 22
750 2388 798 2430 de
828 2388 1006 2431 siderum
1036 2388 1176 2431 ordine
1207 2388 1321 2440 dicit,
1352 2389 1614 2443 comparavit

117 2470 208 2500 cum
232 2458 354 2511 Legg.
379 2463 463 2501 822
487 2459 538 2509 Α,
569 2459 756 2513 Epinom.
781 2464 864 2503 982
888 2460 920 2501 Ε
950 2461 993 2502 et
1014 2465 1099 2502 984
1121 2460 1177 2510 D;
1207 2460 1601 2502 accurate-contulit

116 2529 141 2583 ἓ
172 2533 225 2571 39
243 2540 330 2582 sqq.
362 2540 455 2570 cum
486 2529 655 2572 Phaedr.
689 2535 772 2572 247
796 2542 882 2583 sqq.
944 2529 994 2571 de
1033 2530 1163 2584 magis
1194 2530 1289 2584 (Dio
1319 2531 1344 2584 ἓ
1374 2531 1448 2584 41)
1482 2530 1611 2572 Plato-

116 2597 251 2641 Alcib.
284 2602 365 2641 122
397 2597 590 2653 loquitur.
632 2600 657 2652 ξ
680 2603 734 2642 47
753 2612 838 2654 sqq.
870 2599 1129 2643 consentiunt
1158 2612 1250 2643 cum
1282 2599 1439 2642 Timaei
1462 2605 1515 2643 22
1540 2600 1611 2654 Βς,

118 2674 172 2711 23
199 2669 243 2710 Β.
274 2667 324 2710 ad
355 2668 379 2721 ξ
412 2674 465 2710 66
513 2667 686 2721 denique
731 2670 892 2711 Phileb.
925 2675 981 2712 33
1004 2671 1039 2711 B
1078 2670 1242 2720 attulit,
1289 2669 1448 2712 Timaei
1480 2676 1533 2713 37
1553 2669 1596 2712 C.

115 2749 218 2792 quae
247 2737 327 2781 Dio
356 2737 400 2780 in
432 2736 611 2780 oratione
641 2738 867 2782 XXXVIII
897 2739 945 2782 de
981 2734 1205 2783 concordia
1230 2740 1367 2793 dicit,
1392 2739 1610 2795 imprimis
