1772 2936
877 47 932 84 64

248 169 340 211 Non
385 169 514 211 alium
555 169 686 222 igitur
715 169 764 210 de
795 170 871 211 hac
901 170 1044 211 Dionis
1073 170 1254 211 oratione
1284 169 1483 211 iudicium
1513 170 1649 212 feren·
1683 186 1685 188 ·

157 238 255 281 dnm
287 239 371 289 est,
401 251 449 281 ac
479 238 528 280 de
559 238 736 282 Socratis
767 238 815 280 de
847 251 942 294 rege
973 240 1188 282 Persarum
1220 238 1348 289 dicto,
1379 239 1482 294 quod
1514 239 1592 282 Dio
1622 252 1651 282 e

157 308 263 350 Plat.
285 307 439 361 Gorgia
469 308 752 361 depromptum
783 308 970 350 imitatus
1001 311 1063 351 est
1083 321 1140 350 or.
1163 309 1237 357 ΙΠ,
1259 309 1283 361 ξ
1308 315 1344 358 1,
1377 309 1644 362 amplificavit

157 379 199 420 et
229 378 314 420 suis
344 380 386 420 et
415 377 588 420 aliorum
621 378 838 420 sententiis
867 379 891 432 ξ
923 384 1110 422 29-41,

245 447 330 489 OR.
362 447 453 489 XV.
513 448 600 488 Iam
642 450 856 501 antequam
898 449 1001 489 mihi
1042 448 1215 489 Hirzelii
1256 448 1358 489 liber
1398 448 1447 489 de
1484 448 1643 501 dialogo

155 516 330 570 scriptus
374 517 417 558 in
464 530 607 559 manus
647 517 781 566 venit,
826 516 1023 559 adductus
1063 518 1241 570 primum
1287 517 1480 560 orationis
1518 516 1647 559 titulo

156 586 329 628 Dionem
361 586 651 628 Antisthenem
682 587 795 640 sequi
826 587 1052 640 suspicatus
1081 599 1184 637 sum,
1216 588 1332 629 cuius
1362 587 1470 629 inter
1492 586 1650 641 scripta.

154 656 260 710 apud
295 657 412 710 Diog.
445 657 515 699 La.
549 657 619 706 Vl,
645 663 697 700 15
731 657 773 698 in
805 657 928 698 tertio
958 658 1068 698 tomo
1099 656 1209 698 idem
1239 658 1389 699 titulus
1419 658 1637 699 invenitur.

155 723 282 768 etiam
315 725 363 767 de
385 726 662 769 Wilamowitz
695 725 743 767 de
773 725 1021 767 Antisthene
1052 726 1197 767 Dionis
1237 728 1399 768 auctore
1431 727 1644 781 cogita—vit,

154 808 249 836 cum
289 796 332 836 in
374 795 704 836 commentariolo
743 795 1010 847 grammatico
1050 795 1172 836 tertio
1212 795 1349 847 (index
1379 797 1492 837 lectt.
1525 795 1639 838 Gott.

154 876 251 906 sem.
286 866 386 906 aest.
413 869 539 914 1889,
570 876 608 917 p.
635 865 706 917 12)
737 864 825 905 eius
856 863 1003 918 Cyrum
1036 864 1242 918 dialogum
1275 864 1342 906 hic
1372 865 1504 906 latere
1528 865 1646 906 coni-⁴

155 936 265 974 ceret
303 933 446 987 (Cyrus
485 935 823 974 commemoratur
854 934 877 986 ξ
909 935 995 987 22).
1056 946 1130 987 age
1170 946 1277 975 nunc
1317 946 1419 986 quae
1457 934 1504 975 ad
1539 934 1642 976 tales

152 1003 377 1046 sententias
423 1002 648 1045 fulciendas
686 1003 860 1045 alicuius
899 1004 1097 1045 momenti
1138 1016 1221 1045 esse
1268 1003 1501 1055 videantur,
1545 1016 1645 1047 con-

152 1073 296 1114 feram.
461 1121 463 1123 v

246 1142 515 1184 Athenienses
535 1142 579 1183 in
603 1142 746 1184 Dionis
768 1142 926 1195 dialogo
958 1142 1132 1196 colloqui
1163 1143 1362 1185 evincitur
1384 1156 1405 1185 e
1427 1145 1452 1196 ξ
1475 1150 1513 1186 3.
1538 1150 1577 1186 5.
1598 1150 1636 1192 7,

153 1213 361 1265 praeterea
382 1224 440 1259 eo,
472 1211 576 1266 quod
599 1211 845 1267 Cynosarges
865 1211 1122 1266 gymnasium
1144 1212 1229 1255 sine
1250 1212 1363 1255 urbis
1378 1213 1643 1256 adnotatione·

153 1283 503 1322 commemoratur.
566 1283 609 1322 in
651 1281 875 1335 Cynosarge
920 1283 1058 1322 autem
1103 1283 1313 1335 gymnasio
1354 1283 1643 1324 Demosthenis-

151 1351 403 1405 temporibus
432 1350 558 1392 νόθοι
590 1363 669 1392 non
701 1351 782 1393 iam
806 1351 1104 1401 exercebantur,
1136 1350 1227 1393 vide
1250 1351 1389 1393 Hirzel
1410 1352 1465 1403 II,
1489 1357 1586 1402 103,
1609 1359 1635 1394 2

150 1422 193 1462 et
234 1433 336 1474 quae
375 1420 505 1462 affert.
567 1420 636 1462 sed
678 1422 885 1473 praeterea
914 1420 995 1462 alia
1035 1421 1228 1473 temporis
1267 1420 1417 1463 indicia
1449 1421 1638 1464 videntur

150 1490 291 1532 inesse.
354 1490 379 1542 ξ
411 1495 465 1532 14
498 1489 635 1543 agitur
666 1489 714 1530 de
746 1489 1057 1531 Atheniensium
1092 1489 1318 1531 miserrimo
1348 1490 1455 1532 bello
1485 1490 1640 1540 Siculo‚.

151 1561 175 1613 ξ
211 1565 263 1602 15
297 1559 346 1600 de
377 1559 529 1601 Calliae
561 1559 646 1600 filio
677 1560 857 1601 ceterum
888 1559 1008 1612 plane
1038 1560 1198 1612 ignoto,
1230 1561 1392 1612 excepto
1423 1573 1502 1602 uno
1527 1561 1632 1608 loco,
1705 1599 1711 1606 ,

149 1629 274 1671 schol.
305 1628 355 1670 ad
385 1629 592 1681 Aristoph.
626 1629 744 1681 Vesp.
780 1634 912 1670 1221:
943 1626 1011 1678 τίς
1042 1625 1224 1685 πολίτης
1254 1627 1346 1670 ἐστὶ
1376 1636 1446 1671 νῦν
1475 1629 1587 1686 πλὴν
1607 1629 1635 1687 ἢ

150 1698 296 1748 Σάκας
326 1698 350 1740 ὁ
371 1698 525 1748 Μυσὸς
556 1698 582 1755 ἢ
611 1698 661 1740 τὸ
684 1696 879 1740 Καλλίου
910 1697 1041 1740 νόθον
1071 1698 1138 1751 (cf.
1163 1698 1211 1740 de
1230 1698 1502 1740 Wilamowitz
1523 1700 1551 1740 l.
1571 1699 1633 1751 1.).

149 1768 255 1811 unde
296 1769 373 1810 Dio
413 1769 517 1809 hanc
555 1769 897 1810 narratiunculam
944 1771 985 1809 et
1030 1781 1207 1821 pugnam
1253 1768 1359 1821 apud
1398 1769 1630 1810 Acanthum

148 1838 428 1888 commissam,
469 1850 590 1890 quam
633 1850 704 1879 nos
741 1837 904 1880 aliunde
946 1850 1024 1879 non
1056 1837 1262 1886 novimus,
1299 1837 1503 1890 sumpsit?
1563 1837 1632 1879 sed

147 1921 265 1960 porro
295 1908 367 1960 qui
398 1909 494 1950 sunt
523 1908 700 1954 Thraces
731 1909 772 1949 et
805 1909 959 1956 Persae,
992 1907 1062 1960 qui
1096 1920 1238 1956 „nunc
1267 1907 1354 1948 hic
1384 1907 1637 1949 serviunt“?

147 1977 172 2030 ἓ
204 1982 257 2018 28
293 1977 369 2018 Dio
400 1977 449 2017 de
480 1989 616 2030 pugna
647 1977 858 2018 Leuctrica
889 1976 1070 2029 loquitur
1101 1978 1142 2018 et
1172 1977 1220 2017 de
1242 1976 1536 2018 Messeniorum
1566 1988 1633 2017 re-

146 2047 311 2099 publica
330 2059 354 2088 a
374 2045 579 2090 Thebanis
609 2046 810 2087 restituta.
873 2046 941 2087 sed
972 2057 1050 2086 non
1083 2046 1219 2087 omnia
1250 2045 1432 2097 exempla
1457 2057 1482 2086 a
1503 2045 1630 2086 Dione

146 2116 271 2158 allata
301 2115 439 2158 eadem
480 2116 662 2169 tempora
701 2115 942 2169 respiciunt,
984 2115 1009 2169 ξ
1040 2120 1091 2157 21
1127 2115 1466 2157 commemoratur
1495 2126 1631 2168 pugna

146 2185 449 2235 Chaeronensis‚
480 2188 506 2237 ξ
530 2191 585 2227 20
616 2186 779 2227 nomine
810 2185 957 2226 omisso
988 2185 1037 2225 de
1066 2185 1261 2226 Romanis
1291 2196 1422 2225 sermo
1451 2184 1510 2226 fit.
1561 2183 1631 2226 sed

145 2256 244 2297 haec
274 2255 381 2309 apud
415 2255 585 2297 Dionem
617 2255 814 2297 offendere
844 2267 924 2297 non
953 2256 1142 2308 possunt,
1182 2253 1343 2308 qualem
1375 2266 1467 2296 eum
1499 2254 1635 2296 adhuc·

145 2325 423 2379 cognovimus.
495 2336 590 2366 nam
643 2337 772 2377 neque
819 2324 954 2366 omnia
1000 2323 1289 2366 Antisthenica
1333 2335 1418 2366 esse
1464 2323 1632 2365 omnino

144 2395 357 2448 quisquam
386 2394 561 2447 putabit,
593 2395 635 2436 et
655 2394 678 2447 ἓ
702 2400 750 2436 11
778 2394 902 2435 etiam
925 2393 1107 2435 Platonis
1138 2392 1410 2435 imitationem
1444 2394 1635 2434 tenemus

144 2463 328 2515 (Theaet.
364 2467 446 2506 175
469 2464 537 2517 A).
1299 2517 1303 2521 ³

233 2532 453 2574 Videamus
488 2545 616 2582 nunc,
655 2545 707 2574 an
737 2544 781 2574 re
812 2544 904 2574 vera
935 2532 1102 2573 Dionem
1133 2531 1391 2574 Antisthenis
1421 2530 1631 2583 dialogum

144 2602 257 2657 sequi
288 2602 483 2645 credibile
513 2602 581 2645 sit.
645 2601 797 2656 dialogi
828 2614 1030 2644 summam
1062 2601 1138 2644 Dio
1169 2600 1324 2646 indicat
1353 2601 1479 2654 §312
1508 2596 1557 2649 ὃς
1575 2599 1632 2641 ἂν

143 2662 173 2728 ᾗ
209 2673 320 2729 πρὸς
364 2672 515 2729 ἀρετὴν
559 2672 704 2721 καλῶς
749 2671 944 2726 γεγονώς,
991 2677 1140 2713 τοῦτον
1185 2670 1395 2727 προσήκει
1440 2671 1634 2724 γενναῖον
