1772 2936
863 98 916 136 69

150 221 301 265 eoam
332 257 339 265 .
363 257 370 265 .
395 257 402 264 .
435 235 527 264 cum
549 221 612 262 his
633 233 818 274 compara
841 222 982 263 Dionis
1002 222 1026 275 ξ
1049 229 1094 265 7:
1124 222 1201 278 χρὴ
1223 218 1294 263 οὖν
1323 218 1629 274 ἐπιμελεῖσθαι

150 291 342 345 μάλιστα
374 291 617 348 φρονήσεως
646 289 720 332 καὶ
752 289 957 341 παιδείας
989 291 1077 333 κτλ.
1099 291 1143 345 ¹).

239 361 315 405 Sed
337 363 442 404 vtota
482 362 580 403 haec
618 374 707 414 pars
749 361 925 403 maxime
965 360 1107 404 idonea
1146 363 1226 411 est,
1272 374 1352 415 qua
1391 361 1628 410 illustretur,

147 432 245 486 quid
277 431 440 473 intersit
470 431 578 471 inter
608 431 763 472 fontem
785 432 826 472 et
856 431 1118 472 imitatorem.
1182 430 1543 472 Pseudo-Platonis
1565 430 1626 472 Si-

150 503 298 557 syphus
329 500 512 555 dialogus
542 500 712 543 minime
744 501 1058 544 contemnendus
1090 502 1172 552 est,
1212 500 1402 555 quoniam
1434 514 1512 543 non
1543 501 1629 543 sine

148 575 234 614 arte
275 572 458 613 Platonis
503 571 705 614 scribendi
757 572 952 614 rationem
995 571 1195 614 imitatur.
1257 572 1485 626 quaeritur,
1531 570 1629 626 quid

148 644 205 684 sit
243 642 469 689 consiliari,
517 642 583 683 sed
624 642 804 694 quaestio
855 655 932 683 non
974 642 1216 690 absolvitur,
1257 641 1453 694 quomodo
1493 643 1629 682 autem

148 711 354 753 consiliari
408 710 578 753 debeant
624 711 828 762 homines,
883 713 1020 765 aperte
1072 711 1233 755 dicitur.
1297 723 1376 754 non
1422 723 1520 765 opus
1565 712 1627 753 est

147 796 170 824 e
204 782 385 824 Platonis
415 782 576 835 scriptis
608 782 707 834 ipsis
746 783 929 835 exempla
968 782 1089 823 huius
1128 782 1296 823 rationis
1336 782 1494 834 afferre3
1535 793 1628 822 nam

148 864 305 905 semper
335 852 440 894 viros
471 852 606 894 doctos
638 851 809 902 vexavit,
842 851 945 906 quod
978 852 1129 894 multae
1162 851 1343 893 Platonis
1375 850 1627 905 quaestiones

148 923 232 963 sine
262 923 371 964 certa
403 922 633 963 definitione
664 922 970 964 concluduntur.
1034 922 1111 963 Dio
1152 935 1241 963 vero
1282 934 1360 963 non
1402 921 1626 970 dialectica,

147 992 216 1034 sed
249 992 416 1034 moralia
446 991 594 1045 scripta
625 991 808 1034 confecit.
871 994 1080 1045 propterea
1110 991 1235 1034 etiam
1266 992 1352 1042 hic,
1392 991 1464 1033 ubi
1504 1003 1626 1047 quae-

147 1061 321 1104 stionem
360 1062 612 1104 dialecticam
645 1062 851 1113 imitatur,
891 1063 932 1104 id
971 1062 1074 1117 quod
1114 1063 1152 1104 ei
1189 1063 1474 1116 gravissimum
1513 1061 1625 1103 vide-

147 1134 235 1182 tur,
273 1134 320 1174 ut
379 1132 611 1174 hominibus
651 1132 701 1174 ad
740 1133 865 1174 vitam
906 1133 1006 1174 bene
1046 1133 1265 1186 degendam
1302 1134 1513 1185 praecepta
1545 1131 1626 1182 det,

147 1202 190 1243 in
237 1202 314 1243 fine
359 1202 474 1254 ponit
520 1215 598 1243 non
645 1203 730 1243 sine
776 1202 1017 1244 detrimento
1068 1203 1194 1244 totius
1243 1202 1393 1255 dialogi
1440 1213 1623 1243 conexus.

144 1272 326 1313 dubitari
365 1274 500 1313 autem
543 1274 692 1325 potest,
730 1274 867 1314 utrum
909 1272 986 1313 Dio
1026 1273 1127 1313 hanc
1162 1271 1442 1325 paraphrasin,
1482 1273 1530 1312 ut
1568 1271 1628 1312 ita

145 1340 300 1391 dicam,
339 1341 557 1394 perfectam
589 1342 822 1395 reliquerit,
861 1354 911 1383 an
952 1343 1090 1395 postea
1120 1354 1208 1384 eam
1238 1341 1287 1384 ad
1321 1353 1513 1395 unguem<
1536 1353 1625 1394 per-—

146 1411 272 1464 polire
304 1411 346 1453 in
377 1412 512 1453 animo
541 1412 741 1453 habuerit.

234 1481 317 1524 ΟΒ.
348 1482 479 1524 XXX.
544 1479 809 1538 Χαρίδημος.
872 1482 947 1524 1)10
986 1495 1078 1523 011111
1111 1483 1222 1535 patre
1253 1484 1294 1523 et
1331 1483 1453 1524 fratre
1483 1481 1625 1524 Chari-

144 1551 255 1593 demi
293 1553 445 1593 mortui
485 1552 748 1605 colloquitur,
789 1553 834 1593 ut
874 1552 1012 1594 audiat
1049 1551 1217 1594 ultimos
1255 1551 1378 1594 amici
1409 1564 1622 1596 sermones.

146 1622 268 1665 habes
299 1622 425 1676 igitur
456 1623 562 1665 idem
594 1623 856 1676 propositum,
888 1623 993 1677 quod
1024 1626 1086 1665 est
1115 1624 1158 1665 in
1192 1623 1374 1665 Platonis
1395 1623 1620 1665 Phaedone.

144 1692 214 1734 sed
245 1692 372 1734 maior
403 1695 464 1734 est
495 1692 768 1744 necessitudo,
808 1706 908 1747 quae
938 1693 1047 1735 inter
1076 1693 1175 1735 haec
1206 1692 1282 1735 duo
1313 1692 1462 1747 scripta
1492 1692 1620 1736 inter-

143 1762 263 1804 cedit.
327 1763 556 1805 Charidemi
599 1764 807 1804 morientis
846 1763 1071 1805 constantia
1110 1764 1236 1805 animi
1277 1765 1318 1805 et
1348 1763 1624 1818 tranquillitas

141 1832 186 1886 -(§
224 1833 266 1887 6)
313 1832 514 1874 consentit
559 1845 651 1874 cum
689 1832 859 1875 ‘Socrate
890 1832 1111 1887 (Phaedon.
1148 1838 1200 1877 58
1224 1833 1285 1888 E).
1349 1835 1430 1876 tres
1476 1832 1621 1876 deinde

144 1902 408 1944 Charidemus
458 1903 505 1944 de
563 1903 648 1945 vita
698 1903 874 1945 humana
933 1903 1156 1945 sententias
1214 1903 1386 1956 profert,
1447 1903 1620 1957 primam

141 1973 168 2026 ἓ
201 1978 255 2014 10
275 1997 329 2002 -
348 1978 424 2022 24,
476 1985 555 2025 qua
601 1973 685 2014 vita
730 1985 822 2014 cum
868 1985 1024 2015 carcere
1075 1974 1327 2026 comparatur
1346 1973 1400 2027 ²),
1451 1972 1622 2014 alteram

143 2042 168 2096 ἓ
200 2047 384 2092 26—27,
416 2042 600 2085 homines
629 2055 653 2084 a
684 2042 746 2085 dis
776 2042 974 2097 originem
1006 2042 1148 2085 ducere
1178 2043 1220 2085 et
1250 2042 1462 2085 hominum
1494 2043 1622 2085 vitam

142 2113 257 2166 quasi
287 2112 484 2154 coloniam
516 2112 680 2154 deorum
712 2113 892 2155 civitatis
922 2126 1017 2163 esse,
1048 2113 1212 2155 tertiam
1243 2113 1267 2166 ὅ
1300 2118 1514 2164 28—44,
1545 2125 1623 2168 qua

144 2182 318 2225 mundus
349 2182 490 2225 domus
519 2183 791 2237 pulcherrima
822 2196 904 2226 esse
942 2183 1112 2233 dicitur,
1152 2184 1195 2225 in
1226 2196 1305 2238 qua
1335 2183 1518 2226 homines
1547 2184 1621 2226 ha-

144 2252 287 2295 bitent.
351 2265 397 2294 ae
428 2253 475 2294 de
507 2253 681 2308 singulis
710 2254 905 2308 partibus,
936 2253 1128 2308 quoniam
1158 2254 1211 2296 lis
1239 2253 1369 2296 adhuc
1390 2254 1464 2296 sub
1486 2253 1620 2297 iudice

140 2327 216 2372 est,
248 2322 437 2365 omittam
474 2337 581 2364 nunc
613 2325 730 2365 verba
761 2324 910 2374 facere,
942 2325 1073 2377 prima
1103 2324 1263 2365 videtur
1294 2324 1434 2378 cynica
1472 2336 1555 2365 esse
1574 2325 1620 2379 ⁸),

238 2463 273 2504 1)
297 2462 427 2496 Iniuria
464 2463 505 2496 de
542 2462 664 2497 Arnim
702 2465 767 2498 οὐκ
804 2466 961 2510 ἀτέχνως
995 2475 1057 2510 pro
1091 2466 1247 2511 ἀτεχνῶς
1284 2464 1423 2510 sripsit,
1461 2464 1621 2510 quoniam

140 2522 301 2568 ἀτέχνως
337 2520 424 2566 (31110
458 2521 547 2567 arte)
594 2533 727 2569 semper
763 2523 976 2559 rarissimum
1013 2525 1069 2559 est
1112 2534 1133 2558 a
1157 2524 1266 2559 Dione
1300 2525 1392 2558 certe
1423 2535 1491 2559 non
1523 2535 1622 2559 usur-

142 2582 273 2627 patum.

237 2639 272 2685 2)
298 2639 317 2685 ἓ
344 2638 387 2675 15
412 2639 515 2674 verba
539 2640 577 2675 ἐκ
602 2648 673 2675 τῶν
697 2641 967 2676 ἐναντιωτάτων
991 2643 1032 2676 111
1055 2640 1229 2685 glossema
1252 2653 1388 2685 eorum,
1415 2653 1502 2687 quae
1526 2645 1621 2677 ante-

140 2699 280 2742 cedunt,
307 2698 511 2733 secludenda
536 2709 666 2734 censeo.
1194 2700 1197 2703 ’

237 2758 272 2803 3)
299 2757 392 2800 Quae
417 2757 636 2792 intercedunt
660 2758 752 2793 inter
776 2759 920 2805 primam
952 2761 989 2794 et
1021 2759 1165 2793 alteram
1191 2759 1341 2794 fabulam
1367 2758 1400 2804 (ξ
1424 2760 1484 2804 25)
1519 2760 1621 2794 verba
