1772 2936
778 60 904 120 —59

146 183 275 237 quelle
304 183 445 226 Diona
475 183 522 224 in
553 183 769 236 anspruck
797 183 1013 234 nehmen“‚
1059 185 1102 224 et
1142 195 1179 236 p.
1218 187 1269 225 10
1287 194 1365 236 sq.:
1405 181 1543 232 „sieht
1581 179 1631 224 es'

144 254 258 296 nieht
285 253 482 296 vielmehr
511 266 602 304 aus,
633 252 698 295 als
728 253 774 295 ob
805 252 924 295 Dion
955 253 1032 294 den
1061 266 1140 294 von
1171 252 1309 293 loeiner
1338 252 1436 293 seite
1456 252 1621 294 bezwei-

144 322 270 376 selben
301 322 525 373 πολιτικός
556 322 718 364 hemam
757 322 902 364 hatte?
962 323 1030 363 die
1068 322 1317 378 καταδρομὴ
1356 321 1430 362 der
1460 321 1622 363 atheni-

145 393 267 435 schen
301 392 530 435 volksleiter
568 392 624 434 ist
653 392 919 435 vollkommen
949 391 1131 434 deutlich
1160 392 1223 434 bei
1254 391 1393 442 Dion,
1432 392 1530 433 aber
1559 404 1621 433 wo

145 451 299 505 ist'die
328 463 396 505 des
428 462 677 516 ίτόνςιὶαεςὲκ
736 462 997 516 sequentibus
1035 461 1178 504 deinde
1218 461 1322 504 hanc
1351 460 1624 518 καταδρομὴν

147 532 325 590 Γοργίου
375 533 521 575 Dionis
569 533 742 575 orationi
792 534 920 576 inesse
971 532 1160 575 ostendit.
1232 545 1351 585 quem
1402 531 1452 574 ad
1501 531 1623 573 finem

146 604 209 646 vir
239 603 379 646 doctus
408 602 636 646 πολιτικόν
656 603 855 654 attulerit,
886 616 960 657 ego
989 603 1228 656 intellegere
1250 602 1414 644 omnino
1435 614 1513 643 non
1534 613 1624 655 pos-

148 685 251 714 sum.
312 685 410 714 num
440 673 614 715 Dionem
656 675 872 727 utrumque
913 673 1117 727 dialogum
1157 672 1368 713 imitatum
1406 683 1489 713 esse
1530 683 1624 713 con-

147 741 310 785 tendit?
369 742 438 785 sed
478 742 553 794 „id
595 755 645 785 ne
681 742 952 797 suspicemur,
993 742 1166 797 impedit
1205 742 1291 796 ipsa
1321 741 1625 784 declamationis

149 812 455 854 continuati0“!
496 825 587 854 cum
610 812 757 863 omnia,
789 825 891 866 quae
911 812 1166 862 antecedunt,
1197 811 1447 860 Duemmler,
1479 811 1626 854 frustra

148 882 333 936 quidem,
364 883 570 932 attulerit,
602 885 650 925 ut
680 883 972 925 demonstraret
1002 883 1132 925 solum
1163 882 1409 924 Archelaum
1441 894 1465 923 a
1494 881 1625 923 Dione

150 952 376 1006 excriptum
409 965 506 1004 esse,
537 952 602 995 his
632 952 787 995 duobus
817 953 915 995 locis
946 955 1017 995 aut
1043 953 1288 994 Archelaum
1311 953 1382 994 aut
1405 951 1625 994 Politicum

149 1024 220 1064 aut
260 1023 479 1076 utrumque
510 1022 689 1065 Dioneae
720 1023 893 1065 orationi
922 1024 1083 1066 subesse
1115 1022 1235 1064 dicit!
1297 1028 1338 1064 re
1375 1034 1469 1064 vera
1498 1021 1627 1076 igitur

149 1092 389 1133 Duemmler
429 1092 594 1142 „nimio
625 1094 778 1135 fervore
810 1092 998 1146 abreptus
1037 1096 1148 1142 est“‚
1190 1105 1282 1133 eum
1323 1093 1427 1133 hanc
1453 1091 1628 1133 Socratis

153 1161 373 1203 orationem
404 1161 454 1204 ad
484 1162 773 1205 Antisthenem
805 1163 951 1205 referre
982 1162 1173 1205 studeret.

239 1231 469 1273 Mirandum
499 1234 636 1274 autem
667 1235 740 1281 est,
772 1232 877 1285 quod
909 1232 1059 1274 Paulus
1089 1233 1232 1286 Hagen
1273 1232 1337 1285 (ut
1378 1231 1426 1272 de
1458 1232 1626 1272 Ernesto

154 1300 304 1343 Weber
334 1302 520 1356 taceam),
552 1302 623 1355 qui
654 1304 695 1344 et
715 1301 969 1344 Duemmleri
1000 1302 1243 1354 sententiam
1266 1304 1307 1343 et
1327 1301 1628 1354 Clitophontem

150 1370 275 1420 novit,
307 1370 350 1412 in
382 1370 584 1425 Philologi
617 1371 694 1413 vol.
726 1371 772 1422 L,
802 1384 842 1425 p.
876 1376 956 1414 381
977 1384 1062 1425 sqq.
1110 1371 1287 1413 Dionem
1318 1383 1339 1412 e
1370 1369 1627 1424 Clitophonte

150 1440 330 1482 hausisse
361 1453 439 1482 non
469 1441 587 1482 modo
618 1451 697 1482 non
729 1442 958 1491 contendit,
989 1442 1057 1483 sed
1089 1454 1138 1482 ne
1169 1442 1302 1494 tangit
1332 1440 1495 1494 quidem
1525 1441 1629 1482 hanc

151 1509 424 1564 quaestionem
455 1510 539 1553 ullo
560 1511 694 1554 verbo!
726 1524 847 1565 quare
877 1511 1248 1566 praetermittamus
1270 1511 1356 1553 eius
1387 1510 1627 1564 disputatio-

151 1591 242 1620 nem
258 1612 267 1629 ,
309 1592 386 1634 qua
416 1580 716 1634 Clitophontem
747 1581 798 1623 ad
838 1581 1097 1623 Antisthenis
1127 1581 1371 1622 Archelaum
1402 1581 1532 1622 redire
1562 1593 1628 1622 ac-

156 1651 292 1692 curate
324 1649 596 1693 demonstrare
628 1651 708 1693 sibi
738 1651 847 1693 visus
878 1652 949 1694 est.

243 1719 469 1762 Redeamus
498 1722 547 1762 ad
578 1714 752 1762 Dione'm
784 1723 826 1762 et
856 1721 1169 1774 Clitophontem.
1231 1734 1278 1761 ac
1317 1721 1492 1773 primum
1537 1721 1629 1773 qui-

157 1786 247 1829 dem
279 1800 415 1830 omnes
445 1789 551 1831 locos
581 1789 757 1840 afferam,
788 1790 935 1844 quibus
965 1791 1240 1832 consentiunt:

385 1857 631 1911 Clitoph.:

216 1932 300 1969 407
325 1928 379 1968 E:
415 1920 550 1969 Ταῦτ’
584 1925 666 1980 οὖν,
699 1926 734 1969 ὦ
765 1928 858 1970 Σώ-

156 2011 329 2052 κρατες,
368 1995 449 2051 ἐγὼ
480 1997 583 2039 ὅταν
613 1997 753 2039 ἀκούω
784 2005 860 2040 σοῦ

157 2066 311 2120 θαμὰ
343 2064 603 2122 λέγοντος.

219 2210 302 2248 407
324 2207 382 2247 A:
425 2207 605 2263 ὥσπερ
636 2205 729 2250 ἐπὶ
759 2222 860 2264 μη-

155 2282 318 2330 χανῆς
348 2284 552 2333 τραγικῆς
581 2277 728 2329 θεός,

219 2347 302 2386 407
319 2344 378 2386 A:
401 2345 573 2388 ὁπότε
592 2345 862 2401 ἐπιτιμῶν

158 2414 277 2461 τοῖς
311 2413 631 2470 ἀνθρώποις
663 2450 702 2458 .,
725 2450 733 2458 .
765 2417 861 2470 ὕμ-

159 2494 267 2530 νεις
298 2480 471 2536 λέγων.

219 2555 302 2593 407
340 2552 398 2593 Aa
458 2556 556 2596 ποῖ
605 2553 861 2610 φέρεσθε,

161 2617 481 2676 ὤνθρωποι,
503 2621 863 2679 καὶάγνοεῖτε

161 2688 314 2732 οὐδὲν
334 2699 436 2732 τῶν
455 2691 675 2735 δεόντων
695 2694 862 2750 πράτ-

1232 1860 1327 1900 Dio:

989 1931 1014 1981 ξ
1041 1935 1113 1970 14:
1145 1928 1268 1982 λόγον
1298 1928 1518 1983 λεγόμενον
1545 1929 1632 1971 ὑπό

930 2014 1044 2049 τινος
1084 1997 1354 2054 Σωκράτους,
1394 1995 1441 2040 ὃν
1481 1996 1632 2040 οὐδέ-

931 2083 1063 2111 ποτε
1123 2066 1279 2119 ἐκεῖνος
1347 2065 1633 2111 ἐπαύσατο

932 2136 1107 2192 λέγων.

991 2207 1015 2261 ξ
1049 2211 1125 2249 14:
1167 2208 1347 2263 ὥσπερ
1384 2206 1492 2250 ἀπὸ
1529 2224 1633 2265 μη-

931 2285 1094 2334 χανῆς
1124 2277 1272 2328 θεός,
1304 2277 1362 2326 ὡς
1392 2274 1474 2333 ἔφη
1505 2293 1583 2327 τις.

992 2348 1016 2401 ἓ
1041 2353 1116 2390 16:
1148 2338 1301 2389 ὁπότ’
1321 2343 1409 2389 ἰ’δοι
1431 2345 1636 2398 πλείονας

933 2417 1258 2472 ἀνθρώπους
1304 2448 1314 2457 .
1347 2448 1357 2457 .
1390 2448 1400 2457 .

932 2494 1044 2541 μῶν
1075 2484 1214 2540 ἐβόα.

992 2556 1015 2608 ξ
1039 2562 1113 2598 16:
1136 2558 1234 2597 ποῖ
1255 2554 1514 2611 φέρεσθε,
1537 2555 1636 2597 ὤν·

934 2627 1177 2682 θρωποι,
1240 2623 1333 2667 καὶ
1392 2624 1638 2681 ἀγνοεῖτε

934 2693 1100 2752 μηδὲν
1121 2703 1223 2736 τῶν
1238 2695 1454 2737 δεόντων
1476 2695 1637 2752 πράτ-

1445 2415 1635 2458 ἐπιτι-
