1772 2936
878 52 933 90 70

154 176 280 219 tertia
309 176 477 219 fortasse
507 175 646 220 stoica.
709 176 786 219 hoe
817 178 953 219 autem
985 189 1056 231 pro
1087 178 1197 219 certo
1227 176 1375 219 habeas
1397 176 1568 219 Dionem
1591 176 1644 220 ad

156 246 444 301 comparandas
474 246 548 288 has
578 246 781 301 imagines
800 247 1020 290 adductum
1042 260 1127 290 esse
1149 247 1253 289 Plat.
1279 246 1482 290 Phaedon.
1507 253 1560 291 62
1582 246 1646 290 B:

154 317 179 359 ὁ
208 315 288 371 μὲν
318 348 329 358 .
352 349 362 358 .
386 349 396 359 .
428 316 565 372 λόγος,
598 317 657 368 ὡς
687 313 733 360 ἔν
761 333 848 360 τινι
879 316 1046 376 φρουρᾷ
1078 316 1202 373 ἐσμεν
1232 313 1273 360 οἱ
1305 316 1536 374 ἅνθρωποι
1566 315 1643 360 καὶ

154 385 204 430 οὐ
243 386 310 430 δεῖ
351 387 404 444 δὴ
451 383 605 430 ἑαυτὸν
644 386 694 430 ἐκ
734 388 894 445 ταύτης
924 388 1036 430 λύειν
1065 383 1158 430 οὐδ’
1191 387 1527 445 ἀποδιδράσκειν
1563 386 1641 442 μέ·-

155 471 234 513 γας
273 454 323 499 τέ
367 454 436 508 τίς
473 472 550 512 μοι
593 455 796 515 φαίνεται
837 457 913 500 καὶ
953 456 1002 500 οὗ
1041 454 1189 515 ῥᾴδιος
1228 457 1390 500 διιδεῖν.
1454 456 1503 500 οὗ
1541 456 1641 512 μέν-

153 542 242 580 τοι,
285 526 397 570 ἀλλὰ
436 527 535 571 τόδε
574 526 623 583 γε’
659 543 736 582 μοι
766 527 900 580 δοκεῖ,
941 525 976 570 ὦ
1019 527 1183 586 Κέβης,
1231 526 1277 572 εὖ
1316 527 1542 584 λέγεσθαι,
1591 528 1648 570 τὸ

154 598 287 648 θεοὺς
317 592 428 640 εἶναι
459 599 579 655 ἡμῶν
599 599 698 649 τοὺς
718 597 1077 652 ἐπιμελουμένους
1096 598 1171 640 καὶ
1202 599 1313 656 ἡμᾶς
1342 599 1440 650 τοὺς
1469 597 1642 656 ἀνθρώ-

156 683 269 718 πους
298 664 344 711 ἓν
373 676 460 711 τῶν
489 667 719 726 κτημάτων
747 670 840 718 τοῖς
872 671 995 719 θεοῖς
1024 663 1147 711 εἶναι.
1208 668 1236 725 ξ
1258 674 1312 712 26
1346 671 1388 711 et
1419 675 1471 713 27
1506 671 1644 711 autem

155 738 346 782 videntur
377 752 425 781 ex
455 739 542 793 ipso
573 738 743 781 Platone
774 739 939 781 haustas
968 751 1065 782 esse.
1126 740 1312 782 tenemus
1341 739 1470 793 igitur
1501 739 1649 782 Dionis

157 809 382 852 orationem
413 809 533 864 plane
563 810 613 851 ad
647 809 830 852 Platonis
860 809 1117 852 Phaedonem
1149 809 1425 864 compositam.
1488 810 1537 852 ad
1568 810 1649 852 hoe

157 879 259 922 bene
290 879 473 934 quadrat,
505 879 610 934 quod
632 879 907 922 Philostratus
936 879 1108 923 tradidit
1130 880 1301 922 Dionem
1331 880 1440 922 hune
1462 879 1647 922 Platonis

157 948 365 1003 dialogum
398 949 513 991 valde
543 962 709 992 amasse.
772 952 950 992 ceterum
972 949 1022 991 ad
1043 950 1181 992 omnia
1200 962 1303 1003 quae
1323 949 1407 991 dixi
1428 950 1481 991 ef.
1504 949 1645 991 Hirzel

156 1019 210 1069 11,
246 1025 324 1062 111
345 1031 432 1073 sqq.

476 1217 546 1299 BE
579 1216 769 1299 DIUNIS
808 1217 896 1301 ΠΒ.
929 1218 992 1298 ΙΙΙ
1027 1216 1330 1300 EXGURSUS.

248 1372 391 1413 Dionis
411 1371 642 1413 'orationem
674 1371 838 1413 tertiam
872 1384 951 1412 non
981 1371 1182 1425 integram
1204 1370 1321 1413 nobis
1340 1370 1531 1413 traditam
1560 1383 1647 1413 esse

157 1454 253 1484 eum
293 1441 470 1484 editores
508 1441 590 1483 iam
631 1441 700 1483 hie
740 1441 829 1483 illie
866 1441 1167 1490 adnotaverint,
1207 1454 1314 1483 nunc
1350 1443 1435 1483 tota
1465 1442 1648 1484 oratione

157 1512 400 1565 perlustrata
414 1512 456 1553 in
475 1511 709 1553 universum
731 1512 780 1552 de
801 1511 1126 1562 difficultatibus,
1147 1523 1249 1565 quae
1271 1511 1309 1553 ei
1324 1511 1472 1565 passim
1491 1511 1646 1563 insunt,

157 1595 251 1625 eum
281 1595 423 1637 agam,
454 1582 552 1637 quid
583 1582 633 1625 de
663 1582 835 1636 singulis
866 1594 1003 1624 earum
1036 1582 1278 1624 censendum
1307 1582 1383 1632 sit,
1425 1582 1646 1624 diiudicare

159 1652 353 1703 conabor,
404 1653 593 1707 quoniam
645 1655 802 1708 praeter
855 1652 1070 1695 nonnullas
1114 1652 1444 1706 interpolationes
1502 1653 1645 1704 multa,

158 1736 404 1777 quamquam
445 1736 524 1766 non
555 1736 627 1765 suo
658 1724 744 1765 loeo
776 1723 988 1778 leguntur,
1041 1725 1177 1765 tamen
1217 1736 1308 1765 vere
1348 1724 1501 1766 Dionea
1540 1724 1646 1765 mihi

157 1793 348 1836 videntur
377 1806 474 1836 esse.

250 1865 327 1907 Dio
357 1868 571 1918 postquam
603 1877 627 1906 a
647 1863 821 1906 Socratis
852 1865 1023 1917 quodam
1056 1863 1105 1905 de
1136 1865 1243 1919 regis
1270 1865 1483 1906 Persarum
1515 1864 1646 1906 beati-

159 1933 305 1977 tudine
336 1934 445 1977 dieto
476 1933 647 1982 initium
678 1933 788 1984 feeit,
820 1933 869 1976 ad
901 1934 1039 1976 laudes
1069 1935 1330 1988 Imperatoris
1359 1934 1520 1984 transit,
1551 1947 1646 1976 eum

158 2004 290 2047 dicat:
323 2003 480 2047 αὐτίκα
511 2006 590 2056 τὰς
620 2004 699 2059 μὲν
729 2004 908 2061 ἀλόγους
938 2005 1093 2062 ἡδονὰς
1122 2005 1381 2056 ὑποπτεύεις
1401 2005 1492 2047 κτλ.
1524 2006 1565 2059 (ἓ
1587 2009 1646 2058 3).

158 2087 279 2129 quam
320 2077 411 2129 post
448 2076 693 2118 sententiam
733 2088 907 2118 conexus
937 2075 1269 2130 interrumpitur,
1309 2075 1369 2119 ita
1397 2078 1446 2118 ut
1475 2075 1649 2130 scriptor

158 2146 295 2188 subito
325 2145 375 2187 de
406 2147 502 2188 boni
533 2147 640 2199 regis
673 2148 782 2188 statu
814 2147 1013 2200 loquatur.
1076 2146 1254 2196 aceedit,
1285 2146 1390 2200 quod
1427 2146 1650 2200 appellatio

158 2213 425 2273 αὐτοκράτορ
457 2215 566 2259 intra
596 2216 714 2259 breve
745 2216 922 2270 spatium
953 2216 1162 2270 repetitur.

248 2286 361 2338 Quae
406 2286 552 2328 deinde
592 2286 643 2327 ab
689 2285 840 2344 ἐπειδὴ
880 2286 968 2343 ὁρῶ
998 2300 1046 2328 σε
1066 2288 1098 2341 ¹)
1136 2289 1348 2336 secuntur,
1389 2287 1525 2329 omnia
1564 2286 1651 2328 fere

159 2369 257 2400 sana
286 2358 383 2400 sunt
412 2370 539 2411 usque
570 2356 619 2399 ad
651 2357 675 2412 ἓ
708 2364 746 2409 9,
778 2370 897 2412 quam
931 2357 978 2399 de
999 2357 1277 2400 Wilamowitz
1307 2358 1482 2401 seclusit.
1545 2357 1649 2399 adde

159 2535 202 2570 de
225 2546 276 2578 eo,
302 2535 362 2581 qui
386 2535 534 2581 primam
559 2534 768 2569 sententiam
800 2534 968 2580 protulit,
999 2534 1118 2569 referri
1142 2536 1291 2580 possunt
1319 2534 1364 2569 ad
1388 2534 1650 2569 Antisthenem.

161 2594 201 2629 ef.
217 2593 343 2638 Hagen
361 2605 396 2640 p.
415 2594 473 2636 21,
498 2593 700 2628 Duemmler
716 2593 752 2627 in
766 2593 872 2628 Acad.
892 2605 926 2638 p.
945 2594 1003 2629 94.
1052 2593 1156 2627 aliter
1167 2595 1286 2628 censet
1299 2593 1416 2628 Hirzel
1428 2592 1474 2635 Π,
1491 2592 1568 2634 112,
1588 2592 1621 2626 3.

254 2664 290 2706 1)
314 2663 471 2698 Restitui
507 2663 598 2698 enim
635 2663 838 2707 asyndeton.
896 2663 940 2697 ad
975 2663 1068 2698 hune
1104 2663 1226 2698 Dionis
1262 2662 1441 2709 praefandi
1477 2661 1649 2696 rationem

159 2721 200 2758 cf.
225 2722 365 2757 initium
391 2733 439 2758 or.
464 2721 602 2757 XVIII:
629 2724 801 2763 πολλάκις
825 2724 1020 2763 ἐπαινέσας
1045 2723 1109 2758 τὸν
1133 2724 1200 2758 σὸν
1223 2723 1370 2769 τρόπον.
