1772 2936
852 58 905 94 13

136 183 425 240 voluptatibus,
435 182 503 226 sed
512 180 719 225 laboribus
733 180 840 223 cives
855 192 1041 234 superare
1056 179 1207 222 dicitur
1216 179 1408 234 (Ages.V,
1421 184 1461 221 2.
1478 179 1618 235 Cyrop.

136 256 170 305 I,
194 262 232 306 6,
253 261 303 306 83
327 256 413 308 25).
474 252 576 294 item
599 251 676 292 Dio
696 251 721 304 ἓ
743 255 812 293 62.
873 252 1053 293 ceterum
1084 253 1185 304 quae
1214 252 1405 292 secuntur
1435 249 1622 303 exempla

138 324 216 368 Dio
245 324 331 378 ipse
353 322 401 380 de
421 333 493 364 suo
513 319 732 370 exornavit,
764 319 844 362 nisi
864 319 968 362 forte
989 319 1220 362 recordatus
1241 320 1302 362 est
1321 319 1425 362 Xen.
1443 319 1619 374 Apomn.

138 396 213 445 ΙΙΙ,
247 400 286 444 9,
320 400 387 437 11,
432 392 505 433 ubi
545 391 653 432 idem
700 391 851 444 legitur
896 391 997 432 artis
1033 390 1185 443 peritos
1223 390 1369 432 ceteris
1407 390 1618 444 imperare.

139 476 268 518 neque
308 463 351 505 in
393 462 445 504 iis
475 462 593 516 plane
623 474 647 503 a
676 460 956 514 Xenophontis
995 460 1236 503 auctoritate
1272 461 1408 503 abesse
1447 460 1619 512 videtur,

135 545 238 588 quae
278 532 326 573 de
358 544 454 574 cura
482 530 738 585 imperatoris
767 530 880 572 dicit.
933 530 984 572 ct'.
1007 530 1227 584 Hipparch.
1249 530 1319 579 VI,
1343 536 1381 572 3.
1443 543 1544 585 quae
1571 530 1619 572 de

139 602 304 645 feminis
334 604 376 644 et
405 601 503 644 viris
531 602 703 655 profert,
747 600 900 642 similia
929 602 1025 643 sunt
1055 601 1134 651 eis,
1180 613 1280 655 quae
1309 600 1485 655 legimus
1515 602 1618 655 apud

137 672 445 726 Xenophontem
477 672 569 714 Oec.
602 671 701 721 VII,
735 676 937 720 20—23,
977 671 1180 724 imprimis
1221 670 1310 712 vide
1349 671 1373 724 ξ
1406 677 1472 714 22.
1535 672 1618 714 iam

135 743 292 798 pridem
324 745 458 786 autem
491 742 664 785 editores
695 741 896 793 viderunt,
927 754 1028 795 quae
1059 741 1107 784 de
1138 742 1220 784 sole
1242 741 1426 784 homines
1451 743 1618 785 curante

136 814 215 856 Dio
245 815 268 869 ἓ
301 818 468 857 73-81
512 812 697 863 disserit,
737 812 933 855 translata
964 825 1048 855 esse
1080 825 1101 854 e
1132 811 1412 866 Xenophontis
1442 813 1614 866 Apomn.

135 885 205 935 IV,
240 893 278 935 3,
312 891 439 927 3—9.
500 886 619 938 atque
650 884 768 937 plane
799 884 1056 926 consentiunt
1086 897 1180 925 cum
1211 883 1314 925 Xen.
1345 884 1369 937 ξ
1405 890 1431 926 8
1475 883 1618 926 Dionis

132 956 159 1010 ξ
192 962 244 999 78
264 968 346 1009 sq.:
378 967 470 996 cum
503 956 608 996 terra
638 953 768 996 calore
798 955 911 1008 eget,
949 954 1008 996 sol
1047 954 1212 1008 propius
1249 953 1298 995 ad
1330 966 1418 996 eam
1449 953 1615 1005 accedit,

134 1026 305 1074 recedit,
345 1026 418 1066 ubi
449 1025 596 1078 frigore
627 1037 725 1077 opus
764 1027 835 1066 est.
897 1026 939 1065 et
968 1026 1054 1065 tam
1085 1020 1328 1066 accuratum'
1349 1037 1509 1065 cursum
1550 1025 1614 1065 in-

133 1095 284 1145 stituit,
316 1097 363 1137 ut
393 1107 612 1149 numquam
643 1095 806 1148 propius
835 1095 1010 1144 accedat,
1041 1107 1259 1149 numquam
1293 1094 1455 1149 longius
1484 1095 1613 1145 abeat,

131 1178 251 1220 quam
284 1167 413 1206 terrae
443 1165 546 1206 utile
577 1167 650 1206 est.
711 1164 778 1206 sed
811 1177 862 1206 ne
892 1164 1027 1206 subita
1056 1165 1268 1219 temperiei
1299 1165 1474 1207 mutatio
1500 1164 1616 1206 nobis

133 1233 286 1285 noceat,
317 1237 428 1277 lento
458 1235 555 1289 pede
586 1248 609 1276 a
640 1235 770 1276 calore
799 1235 849 1276 ad
880 1235 1009 1289 frigus
1040 1247 1111 1277 nos
1140 1234 1329 1284 traducit,
1360 1234 1418 1276 ita
1449 1236 1497 1276 ut
1515 1247 1615 1288 pau-

131 1305 249 1347 latim
282 1306 365 1346 aeri
397 1307 553 1347 mutato
584 1305 796 1347 assuefacti
827 1317 1031 1346 summum
1064 1305 1192 1359 frigus
1220 1305 1396 1358 perferre
1417 1305 1615 1358 possimus

128 1376 199 1429 (cf.
233 1376 356 1417 etiam
388 1375 528 1429 Cyrop.
560 1376 638 1425 VI,
671 1381 709 1424 2,
743 1377 828 1429 28).
893 1377 1025 1417 cetera
1070 1375 1148 1417 Dio
1192 1375 1360 1428 paulum
1405 1375 1448 1416 in
1494 1387 1611 1417 suum

130 1458 248 1488 usum
281 1445 467 1496 mutavit,
499 1458 591 1487 cum
622 1445 718 1488 solis
747 1457 864 1487 curae
895 1457 941 1487 ea
970 1445 1181 1496 tribuerit,
1212 1458 1312 1501 quae
1342 1445 1446 1499 apud
1477 1445 1612 1487 Xeno-

132 1517 324 1569 phontem
356 1516 519 1557 deorum
541 1518 646 1557 sunt.
689 1516 800 1568 ipsae
831 1518 966 1557 autem
999 1528 1062 1557 res
1092 1516 1255 1557 eaedem
1277 1517 1383 1564 sunt,
1415 1516 1463 1557 de
1485 1516 1550 1557 die
1571 1518 1613 1557 et

129 1587 245 1628 nocte
278 1586 354 1627 Dio
384 1586 408 1639 ἓ
440 1592 509 1635 81,
540 1586 642 1628 Xen.
675 1586 699 1639 ξ
732 1591 770 1635 3,
802 1586 850 1627 de
880 1585 1033 1639 plantis
1063 1586 1164 1628 Xen.
1198 1586 1222 1639 ἓ
1255 1591 1300 1635 53
1326 1591 1363 1636 6,
1396 1585 1474 1627 Dio
1494 1586 1518 1639 ἓ
1542 1592 1609 1629 77.

128 1657 296 1710 uterque
327 1656 496 1709 scriptor
535 1656 639 1697 hanc
679 1656 775 1697 solis
814 1656 876 1696 vel
908 1656 1078 1697 deorum
1102 1668 1238 1697 curam
1269 1653 1612 1712 φιλανθρωπίαν

125 1726 318 1779 appellat.
381 1727 503 1767 etiam
526 1726 734 1778 sequentia
758 1725 832 1767 Dio
854 1725 1112 1778 Xenophonti
1140 1725 1299 1766 videtur
1329 1725 1485 1775 debere,
1516 1738 1608 1767 cum

128 1795 332 1844 ostendat,
374 1798 570 1850 quantum
602 1796 760 1838 labores
788 1796 958 1850 prosint,
991 1795 1217 1850 voluptates
1247 1798 1416 1838 noceant
1447 1796 1488 1850 (ἓ
1520 1799 1608 1848 85).

124 1867 177 1908 cf.
211 1867 384 1919 Apomn.
408 1866 478 1916 IV,
502 1873 541 1916 5,
565 1872 603 1909 9.
636 1866 774 1921 Cyrop.
798 1866 888 1916 VII,
912 1873 950 1917 5,
974 1872 1051 1916 8ος
1081 1867 1113 1916 I,
1138 1872 1175 1915 5,
1209 1872 1274 1908 12.
1336 1866 1459 1908 finem
1490 1867 1611 1909 huius

125 1936 251 1989 partis
291 1935 429 1977 eadem
462 1936 664 1978 sententia
695 1936 814 1987 facit,
846 1936 894 1978 de
924 1949 1002 1991 qua
1032 1937 1255 1990 Xenophon
1286 1938 1462 1990 Apomn.
1495 1937 1549 1987 II,
1584 1943 1604 1979 1

123 2006 323 2059 copiosius
360 2006 540 2059 disputat
559 2008 603 2060 ¹).
667 2007 748 2048 iam
779 2007 1037 2060 pervenimus
1066 2007 1115 2048 ad
1147 2007 1364 2048 maximam
1396 2009 1439 2048 et
1468 2009 1516 2048 ut
1547 2007 1609 2048 vi-

124 2076 244 2117 detur
283 2075 563 2129 gravissimam
604 2076 798 2118 orationis
835 2079 1012 2129 partem,
1059 2089 1159 2131 quae
1207 2080 1268 2118 est
1316 2076 1365 2118 de
1410 2077 1606 2119 amicitia.

122 2144 173 2186 de
203 2157 281 2199 qua
319 2145 443 2186 etiam
475 2146 699 2199 Xenophon
739 2147 869 2187 multa
905 2146 1006 2188 dicit
1043 2146 1112 2188 hic
1151 2147 1241 2188 illic
1275 2147 1319 2188 in
1351 2146 1607 2201 Cyropaedia,

123 2214 320 2264 Hierone,
367 2215 711 2258 Memorabilibus.
773 2218 893 2271 atque
939 2216 1059 2259 initio
1106 2217 1183 2260 Dio
1235 2217 1335 2259 dicit
1379 2217 1607 2259 amicitiam

123 2297 328 2326 summum
370 2285 521 2327 bonum
561 2298 666 2336 esse,
711 2299 830 2340 quam
870 2287 1114 2329 sententiam
1153 2287 1203 2329 ad
1244 2300 1301 2329 or.
1333 2288 1353 2329 Ι
1391 2287 1608 2330 attulimus

120 2353 229 2418 (vide
256 2367 294 2408 p.
327 2355 383 2409 6).
445 2355 580 2410 pergit
618 2356 789 2410 scriptor
824 2356 986 2410 turpius
1016 2370 1099 2400 esse
1130 2357 1273 2399 amicis
1313 2369 1446 2399 carere
1486 2369 1605 2411 quam

120 2424 288 2466 divitiis.
348 2425 467 2477 plane
515 2425 625 2467 idem
677 2426 778 2468 dicit
824 2427 1047 2480 Xenophon
1095 2429 1215 2481 Ages.
1259 2427 1335 2477 VI,
1378 2433 1426 2469 5:
1474 2425 1606 2480 μείζω

216 2541 251 2586 1)
275 2541 344 2575 Hic
369 2541 547 2576 addendus
571 2544 628 2577 est
650 2554 741 2577 unus
765 2543 872 2586 locus,
897 2554 998 2589 quem
1023 2543 1067 2578 ad
1090 2543 1193 2578 finem
1212 2544 1289 2588 §67
1309 2544 1481 2589 pertinere
1505 2546 1605 2589 patet

117 2600 175 2643 (ef.
199 2599 403 2644 excursum).
452 2600 580 2634 etenim
606 2600 698 2645 quod
720 2601 788 2635 Dio
812 2601 832 2645 ξ
851 2601 897 2636 85
920 2601 1163 2647 imperatorem
1188 2613 1250 2647 pro
1273 2601 1444 2636 militibus
1462 2601 1605 2646 vigilare

119 2658 216 2702 dicit,
242 2657 384 2704 respicit
407 2658 552 2693 eundem
576 2658 816 2704 Xenophontis
840 2659 962 2703 locum,
988 2671 1088 2705 quem
1106 2660 1175 2704 iam
1203 2671 1307 2706 supra
1334 2660 1606 2695 commemoravi-

116 2726 204 2760 mus,
230 2715 420 2762 Hipparch.
445 2715 503 2759 VI,
528 2716 563 2759 3,
588 2727 656 2761 quo
679 2716 765 2751 item
790 2716 832 2751 de
856 2716 1062 2763 imperatore
1086 2718 1253 2763 vigilante
1278 2729 1388 2753 sermo
1412 2717 1465 2754 fit.
