1772 2936
869 51 925 90 30

143 167 237 217 ἀλλ’
271 173 299 233 ἦ
328 176 380 218 τὸ
409 174 632 231 λεγόμενον
662 176 839 230 repetita
868 189 954 220 esse
985 190 1034 220 ex
1071 176 1193 220 initio
1222 175 1419 233 Gorgiae,
1457 176 1531 220 ubi
1560 176 1634 221 So·
1673 186 1677 189 ·

144 245 269 288 cratis
312 257 444 288 sermo
484 244 631 288 iisdem
669 245 804 289 verbis
845 238 1002 301 incipit.
1064 247 1090 301 ἓ
1121 252 1176 290 33
1216 246 1294 288 Dio
1333 245 1382 288 de
1419 259 1496 289 usu
1534 260 1636 301 quo-

143 313 238 357 dam
270 314 556 370 mysteriorum
586 314 782 370 loquitur,
812 327 936 371 quem
966 316 1144 372 legimus
1172 315 1279 371 apud
1310 315 1524 360 Platonem
1551 317 1634 361 Eu·

142 385 255 439 thyd.
290 390 375 427 277
398 385 449 426 D.
490 385 592 438 §38
615 385 789 426 Dionem
810 385 1027 428 Platonem
1056 388 1235 440 spectare
1265 386 1348 427 iam
1377 387 1498 428 antea
1526 386 1636 436 dixi;

144 456 207 499 est
235 455 404 499 Theaet.
440 461 523 500 172
546 455 605 498 D:
645 453 893 512 κατεπείγει
932 456 1012 512 γὰρ
1052 455 1166 513 ὕδωρ
1196 454 1290 514 ῥέον
1309 455 1353 513 ²).
1417 456 1523 511 quod
1555 457 1635 500 Dio

142 526 187 567 in
211 525 478 578 sequentibus
509 526 608 567 duas
637 525 803 567 deorum
834 525 1105 567 venerationis
1134 526 1287 580 species
1316 526 1523 576 discernit,
1554 523 1632 581 ἐμ-

141 611 279 654 φυτον
307 598 350 639 et
380 594 625 655 ἐπίκτητον,
656 598 765 639 recte
796 596 957 639 monuit
987 596 1131 651 Hagen
1155 596 1368 640 Platonem
1398 597 1630 651 cupidinem

143 666 351 720 duplicem
373 678 525 716 vocare,
558 665 792 724 ἐπίκτητον
812 668 854 708 et
874 663 1064 724 ἔμφυτον
1083 666 1126 708 in
1150 666 1332 709 Phaedro
1351 679 1389 721 p.
1412 673 1494 711 237
1519 668 1566 710 D.
1587 667 1632 709 in

143 749 200 780 or.
232 737 338 779 XIII
369 737 448 779 Dio
478 739 617 790 aperte
648 737 862 779 Platonem
893 737 1083 778 imitatur
1111 736 1205 778 inde
1235 749 1259 778 a
1289 737 1313 789 ξ
1348 744 1414 779 14.
1476 738 1526 779 de
1556 739 1635 780 hac

141 806 322 849 oratione
363 808 502 849 autem
541 806 649 849 infra
686 808 872 849 accurate
918 818 1058 861 agam,
1104 806 1176 848 ubi
1215 806 1324 849 locos
1362 806 1566 850 conferam
1584 809 1630 861 ²).

140 889 197 919 or.
229 877 319 927 XV,
352 878 377 931 ἓ
411 884 460 919 11
505 879 669 930 sumpta
708 879 770 919 est
811 889 833 918 e
864 877 1047 919 Platonis
1087 877 1251 919 Theaet.
1287 883 1369 920 175
1387 878 1439 931 A,
1480 880 1522 920 et
1552 879 1630 921 Dio

139 947 226 1001 ipse
256 946 413 989 indicat
443 947 542 989 haec
572 959 644 989 sua
676 959 755 989 non
785 959 889 997 esse,
921 959 1014 989 cum
1044 946 1166 989 addat
1196 947 1255 997 ὥς
1284 961 1431 1004 φασιν.
1493 947 1630 990 confer

139 1029 246 1070 lpse:

425 1074 566 1118 Plato:
1226 1075 1304 1118 Dio
1317 1090 1327 1118 z

199 1156 496 1200 Παντάπασιν
514 1155 656 1211 ἀμβλὺ
675 1155 752 1198 καὶ
772 1154 850 1199 ἐπὶ

987 1160 1123 1200 Τοῦτο
1155 1155 1202 1200 δὲ
1233 1155 1282 1200 οὐ
1302 1156 1481 1202 δυνατόν
1501 1156 1628 1211 ἐστιν,

140 1228 323 1284 σμικρὸν
353 1227 549 1284 ὁρώντων
584 1228 749 1284 ἡγεῖται
779 1228 852 1269 τὸν
924 1225 959 1269 ὦ
978 1226 1186 1282 βέλτιστε,
1218 1229 1277 1278 ὥς
1297 1242 1443 1285 φασιν,
1475 1226 1524 1271 ἐκ
1553 1236 1632 1272 τοῦ

140 1294 331 1351 ἔπαινον,
363 1297 451 1341 ὑπὸ
481 1295 771 1348 ἀπαιδευσίας
802 1295 851 1340 οὗ
922 1297 1088 1349 παντὸς
1118 1294 1274 1348 αἰῶνος
1303 1292 1415 1341 εἶναί
1444 1314 1488 1341 τι
1510 1297 1628 1354 γένος

139 1367 382 1421 δυναμένων
431 1365 494 1418 εἷς
542 1368 593 1410 τὸ
640 1374 731 1408 πᾶν
781 1366 848 1409 ἀεὶ

137 1435 318 1494 βλέπειν
356 1435 456 1481 οὐδὲ
493 1434 748 1494 λογίζεσθαι
778 1436 845 1481 ὅτι

137 1508 342 1550 πάππων
371 1507 447 1551 καὶ
477 1508 700 1564 προγόνων
719 1524 847 1564 μυρι-

137 1578 236 1630 άδες
286 1576 455 1635 ἑκάστῳ
506 1577 724 1635 γεγόνασιν
773 1577 847 1620 άν-

136 1648 400 1707 αρίθμητοι,
449 1648 494 1691 ἐν
534 1643 605 1699 αἷς
644 1648 847 1691 πλούσιοι

135 1719 212 1764 καὶ
243 1718 411 1773 πτωχοὶ
441 1718 517 1763 καὶ
547 1719 744 1774 βασιλεῖς
769 1718 846 1762 καὶ

135 1790 281 1833 δοῦλοι
309 1787 527 1846 βάρβαροί
563 1804 612 1832 τε
647 1788 723 1832 καὶ
746 1781 845 1832 Ἕλ-

137 1861 258 1918 ληνες
288 1860 505 1910 πολλάκις
542 1857 691 1917 μυρίοι
728 1859 845 1914 γεγό-

135 1944 260 1973 νασιν
288 1930 462 1987 ὁτῳοῦν.

919 1366 1178 1424 ἀνθρώπων,
1209 1366 1254 1409 ἐν
1283 1356 1320 1423 ᾦ
1347 1367 1424 1410 οὐκ
1453 1367 1627 1424 ἄπειροι

917 1435 995 1492 μὲν
1026 1436 1243 1496 ἐλεύθεροι
1279 1437 1509 1494 γεγόνασιν,
1549 1437 1632 1482 οὐκ,

919 1505 1124 1559 ἐλάττους
1168 1507 1217 1550 δὲ
1262 1509 1423 1551 τούτων
1468 1506 1508 1551 οἱ
1554 1509 1625 1552 δε-

919 1578 1191 1630 δουλευκότες
1207 1592 1217 1602 ·
1248 1577 1324 1621 καὶ
1354 1579 1402 1637 νὴ
1433 1577 1519 1622 Δία
1549 1580 1628 1622 τύ-

919 1663 1063 1704 ραννοι
1095 1647 1169 1691 καὶ
1200 1649 1396 1704 βασιλεῖς
1436 1649 1511 1692 καὶ
1553 1650 1629 1693 δε-

916 1728 1090 1773 σμῶται
1121 1719 1196 1762 καὶ
1227 1718 1482 1776 στιγματίαι
1512 1721 1608 1763 κτλ.

222 2000 290 2043 Ad
328 2000 553 2043 orationem
594 2000 696 2042 XVI
734 1999 1135 2042 animadvertendum
1166 2001 1228 2041 est
1257 2000 1430 2042 Dionem
1458 2001 1624 2043 Platoni

133 2131 272 2174 praeter
313 2131 490 2164 auctorem
534 2129 660 2163 tertiae
702 2128 872 2174 epistulae
908 2128 1103 2163 Socraticae
1145 2128 1240 2163 solus
1277 2128 1394 2163 eodem
1430 2130 1530 2174 tropo
1567 2129 1624 2163 uti

133 2186 283 2223 videtur.

228 2247 265 2288 1)
294 2246 428 2281 Iniuria
472 2246 584 2290 igitur
620 2245 759 2280 Schmid
802 2246 838 2280 in
874 2245 1046 2290 Philologi
1082 2245 1148 2280 vol.
1178 2245 1327 2289 XLVII,
1366 2257 1400 2291 p.
1435 2245 1482 2281 24
1518 2246 1623 2281 verba

133 2304 257 2353 ὥσπερ
281 2303 348 2340 οὖν
371 2306 442 2352 ἔφη
467 2319 522 2345 τις
545 2304 715 2339 mutanda
739 2307 856 2339 censet
879 2305 916 2340 in
941 2304 1064 2352 ὥσπερ
1089 2306 1135 2339 ἂν
1152 2305 1223 2352 ἐφῇ
1241 2317 1304 2344 τις.
1353 2315 1463 2350 neque
1487 2305 1626 2348 dubito*

132 2363 217 2409 quin
240 2362 278 2398 in
301 2363 392 2399 idem
418 2363 542 2399 vitium
566 2362 708 2398 Sehmid
731 2362 902 2407 inciderit,
928 2366 1005 2398 cum
1029 2364 1184 2398 mutaret
1202 2373 1251 2398 or.
1272 2361 1316 2406 V,
1333 2362 1375 2398 4:
1408 2364 1455 2404 ὡς
1472 2363 1542 2411 ἔφη
1565 2376 1627 2404 τις·

130 2422 168 2458 in
184 2424 232 2463 ὡς
250 2425 298 2458 ἄν
316 2426 410 2470 φαίη
427 2436 491 2465 τις,
516 2433 598 2458 nam
621 2422 769 2458 Dionem
792 2421 850 2457 hic
872 2424 1004 2457 certum
1031 2421 1189 2468 quamvis
1213 2421 1328 2456 adhuc
1345 2421 1510 2466 ignotum
1541 2433 1619 2457 auc-

132 2482 243 2516 torem
268 2482 426 2527 spectare
452 2491 494 2516 ex
518 2491 558 2517 eo
583 2479 798 2527 comprobari
822 2481 950 2526 potest,
976 2480 1070 2527 quod
1092 2479 1159 2515 Dio
1182 2479 1258 2526 ipse
1281 2479 1455 2524 fabulam,
1479 2491 1549 2516 non
1572 2480 1620 2516 le-

131 2550 210 2584 gem
234 2540 439 2585 prolaturus
463 2541 530 2575 eet.

224 2598 262 2641 2)
285 2597 342 2634 Ad
360 2609 409 2634 or.
427 2596 522 2642 XIV,
541 2598 562 2644 ξ
584 2597 608 2633 2
640 2596 819 2633 Morellius
837 2597 964 2633 iniuria
981 2597 1107 2633 attulit
1136 2596 1289 2644 Sophist.
1309 2597 1378 2633 228
1390 2596 1441 2639 D;
1466 2597 1625 2632 ceterum>

129 2656 196 2691 hoc
220 2657 295 2692 loco
319 2657 444 2691 verba:
468 2660 531 2691 καὶ
557 2663 628 2692 τῶν
653 2658 928 2704 συμφερόντων,
950 2667 1038 2702 quae
1056 2667 1124 2691 non
1143 2655 1264 2690 referri
1288 2656 1438 2701 possunt
1461 2654 1506 2688 ad
1532 2655 1625 2701 φεύ-

130 2726 218 2760 γειν,
243 2714 391 2750 delenda
414 2725 490 2750 esse
513 2716 609 2762 puto.
