<?xml version="1.0" encoding="UTF-8"?>
<!DOCTYPE html PUBLIC "-//W3C//DTD XHTML 1.0 Transitional//EN"
    "http://www.w3.org/TR/xhtml1/DTD/xhtml1-transitional.dtd">
<html xmlns="http://www.w3.org/1999/xhtml" xml:lang="en" lang="en">
 <head>
  <title>
</title>
<meta http-equiv="Content-Type" content="text/html;charset=utf-8" />
  <meta name='ocr-system' content='tesseract 3.04.00' />
  <meta name='ocr-capabilities' content='ocr_page ocr_carea ocr_par ocr_line ocrx_word'/>
</head>
<body>
  <div class='ocr_page' id='page_1' title='image "4738051_0060.png"; bbox 0 0 1772 2936; ppageno 0'>
   <div class='ocr_carea' id='block_1_1' title="bbox 837 52 893 90">
    <p class='ocr_par' dir='ltr' id='par_1_1' title="bbox 837 52 893 90">
     <span class='ocr_line' id='line_1_1' title="bbox 837 52 893 90; baseline 0.018 -1"><span class='ocrx_word' id='word_1_1' title='bbox 837 52 893 90; x_wconf 86' lang='lat'>48</span> 
     </span>
    </p>
   </div>
   <div class='ocr_carea' id='block_1_2' title="bbox 762 106 974 112">
    <p class='ocr_par' dir='ltr' id='par_1_2' title="bbox 762 106 974 112">
     <span class='ocr_line' id='line_1_2' title="bbox 762 106 974 112; baseline 0 0"><span class='ocrx_word' id='word_1_2' title='bbox 762 106 974 112; x_wconf 95' lang='lat' dir='ltr'> </span> 
     </span>
    </p>
   </div>
   <div class='ocr_carea' id='block_1_3' title="bbox 110 174 1616 2750">
    <p class='ocr_par' dir='ltr' id='par_1_3' title="bbox 110 174 1616 2750">
     <span class='ocr_line' id='line_1_3' title="bbox 215 174 1613 232; baseline 0.002 -16"><span class='ocrx_word' id='word_1_3' title='bbox 215 175 330 227; x_wconf 83' lang='lat' dir='ltr'>Quod</span> <span class='ocrx_word' id='word_1_4' title='bbox 359 175 554 217; x_wconf 84' lang='lat' dir='ltr'>Ernestus</span> <span class='ocrx_word' id='word_1_5' title='bbox 573 175 725 218; x_wconf 86' lang='lat' dir='ltr'>Weber</span> <span class='ocrx_word' id='word_1_6' title='bbox 754 175 783 218; x_wconf 91' lang='lat' dir='ltr'>l.</span> <span class='ocrx_word' id='word_1_7' title='bbox 804 175 829 218; x_wconf 92' lang='lat' dir='ltr'>l.</span> <span class='ocrx_word' id='word_1_8' title='bbox 854 189 893 230; x_wconf 86' lang='lat' dir='ltr'>p.</span> <span class='ocrx_word' id='word_1_9' title='bbox 913 182 994 220; x_wconf 86' lang='lat'>231</span> <span class='ocrx_word' id='word_1_10' title='bbox 1030 174 1237 219; x_wconf 75' lang='lat' dir='ltr'>contendit</span> <span class='ocrx_word' id='word_1_11' title='bbox 1266 175 1376 218; x_wconf 90' lang='lat' dir='ltr'>hunc</span> <span class='ocrx_word' id='word_1_12' title='bbox 1405 175 1613 232; x_wconf 81' lang='lat' dir='ltr'>dialogum</span> 
     </span>
     <span class='ocr_line' id='line_1_4' title="bbox 118 245 1614 301; baseline 0.001 -12"><span class='ocrx_word' id='word_1_13' title='bbox 118 245 361 300; x_wconf 75' lang='lat' dir='ltr'>exemplum</span> <span class='ocrx_word' id='word_1_14' title='bbox 391 245 587 289; x_wconf 77' lang='lat' dir='ltr'>homiliae</span> <span class='ocrx_word' id='word_1_15' title='bbox 617 246 781 301; x_wconf 82' lang='lat' dir='ltr'>cynicae</span> <span class='ocrx_word' id='word_1_16' title='bbox 813 260 916 299; x_wconf 89' lang='lat' dir='ltr'>esse,</span> <span class='ocrx_word' id='word_1_17' title='bbox 945 259 1108 301; x_wconf 88' lang='lat' dir='ltr'>prorsus</span> <span class='ocrx_word' id='word_1_18' title='bbox 1143 246 1348 289; x_wconf 87' lang='lat' dir='ltr'>dissentio.</span> <span class='ocrx_word' id='word_1_19' title='bbox 1409 259 1504 289; x_wconf 89' lang='lat' dir='ltr'>nam</span> <span class='ocrx_word' id='word_1_20' title='bbox 1535 247 1614 290; x_wconf 88' lang='lat' dir='ltr'>etsi</span> 
     </span>
     <span class='ocr_line' id='line_1_5' title="bbox 112 315 1611 372; baseline 0.001 -14"><span class='ocrx_word' id='word_1_21' title='bbox 112 316 389 359; x_wconf 78' lang='lat' dir='ltr'>concedamus</span> <span class='ocrx_word' id='word_1_22' title='bbox 411 316 587 360; x_wconf 90' lang='lat' dir='ltr'>Dionem</span> <span class='ocrx_word' id='word_1_23' title='bbox 617 316 717 360; x_wconf 90' lang='lat' dir='ltr'>talia</span> <span class='ocrx_word' id='word_1_24' title='bbox 738 330 819 360; x_wconf 92' lang='lat' dir='ltr'>non</span> <span class='ocrx_word' id='word_1_25' title='bbox 840 317 886 360; x_wconf 89' lang='lat' dir='ltr'>in</span> <span class='ocrx_word' id='word_1_26' title='bbox 907 317 1101 361; x_wconf 85' lang='lat' dir='ltr'>maiorem</span> <span class='ocrx_word' id='word_1_27' title='bbox 1123 316 1293 361; x_wconf 79' lang='lat' dir='ltr'>Homeri</span> <span class='ocrx_word' id='word_1_28' title='bbox 1323 315 1509 372; x_wconf 77' lang='lat' dir='ltr'>gloriam,</span> <span class='ocrx_word' id='word_1_29' title='bbox 1541 316 1611 361; x_wconf 85' lang='lat' dir='ltr'>sed</span> 
     </span>
     <span class='ocr_line' id='line_1_6' title="bbox 112 387 1613 443; baseline 0.001 -14"><span class='ocrx_word' id='word_1_30' title='bbox 112 387 175 430; x_wconf 49' lang='lat' dir='ltr'>,ad</span> <span class='ocrx_word' id='word_1_31' title='bbox 205 387 421 430; x_wconf 89' lang='lat' dir='ltr'>hominum</span> <span class='ocrx_word' id='word_1_32' title='bbox 454 400 585 430; x_wconf 85' lang='lat' dir='ltr'>mores</span> <span class='ocrx_word' id='word_1_33' title='bbox 614 388 871 443; x_wconf 86' lang='lat' dir='ltr'>corrigendos</span> <span class='ocrx_word' id='word_1_34' title='bbox 891 389 1109 442; x_wconf 81' lang='lat' dir='ltr'>scripsisse,</span> <span class='ocrx_word' id='word_1_35' title='bbox 1140 389 1352 431; x_wconf 83' lang='lat' dir='ltr'>homiliam</span> <span class='ocrx_word' id='word_1_36' title='bbox 1383 401 1430 430; x_wconf 89' lang='lat' dir='ltr'>ea</span> <span class='ocrx_word' id='word_1_37' title='bbox 1448 388 1613 443; x_wconf 90' lang='lat' dir='ltr'>quidem</span> 
     </span>
     <span class='ocr_line' id='line_1_7' title="bbox 113 456 1613 515; baseline 0.001 -15"><span class='ocrx_word' id='word_1_38' title='bbox 113 457 174 500; x_wconf 78' lang='lat' dir='ltr'>de</span> <span class='ocrx_word' id='word_1_39' title='bbox 204 469 324 501; x_wconf 88' lang='lat' dir='ltr'>causa</span> <span class='ocrx_word' id='word_1_40' title='bbox 352 458 435 501; x_wconf 90' lang='lat' dir='ltr'>tale</span> <span class='ocrx_word' id='word_1_41' title='bbox 473 456 672 513; x_wconf 85' lang='lat' dir='ltr'>scriptum</span> <span class='ocrx_word' id='word_1_42' title='bbox 718 470 837 501; x_wconf 90' lang='lat' dir='ltr'>nemo</span> <span class='ocrx_word' id='word_1_43' title='bbox 882 458 1123 502; x_wconf 75' lang='lat' dir='ltr'>nominabit.</span> <span class='ocrx_word' id='word_1_44' title='bbox 1188 471 1313 515; x_wconf 88' lang='lat' dir='ltr'>neque</span> <span class='ocrx_word' id='word_1_45' title='bbox 1344 457 1483 514; x_wconf 85' lang='lat' dir='ltr'>cynica</span> <span class='ocrx_word' id='word_1_46' title='bbox 1513 458 1613 501; x_wconf 85' lang='lat' dir='ltr'>haec</span> 
     </span>
     <span class='ocr_line' id='line_1_8' title="bbox 125 528 1614 584; baseline 0.001 -14"><span class='ocrx_word' id='word_1_47' title='bbox 125 528 352 570; x_wconf 85' lang='lat' dir='ltr'>Homerum</span> <span class='ocrx_word' id='word_1_48' title='bbox 373 528 602 582; x_wconf 84' lang='lat' dir='ltr'>explicandi</span> <span class='ocrx_word' id='word_1_49' title='bbox 622 529 728 571; x_wconf 90' lang='lat' dir='ltr'>ratio</span> <span class='ocrx_word' id='word_1_50' title='bbox 749 529 831 570; x_wconf 92' lang='lat' dir='ltr'>dici</span> <span class='ocrx_word' id='word_1_51' title='bbox 852 531 997 583; x_wconf 88' lang='lat' dir='ltr'>potest,</span> <span class='ocrx_word' id='word_1_52' title='bbox 1028 530 1124 584; x_wconf 88' lang='lat' dir='ltr'>quia</span> <span class='ocrx_word' id='word_1_53' title='bbox 1143 530 1194 572; x_wconf 91' lang='lat' dir='ltr'>ab</span> <span class='ocrx_word' id='word_1_54' title='bbox 1216 529 1460 572; x_wconf 87' lang='lat' dir='ltr'>Antisthene</span> <span class='ocrx_word' id='word_1_55' title='bbox 1480 529 1614 584; x_wconf 88' lang='lat' dir='ltr'>primo</span> 
     </span>
     <span class='ocr_line' id='line_1_9' title="bbox 124 598 1613 655; baseline 0 -13"><span class='ocrx_word' id='word_1_56' title='bbox 124 599 291 642; x_wconf 87' lang='lat' dir='ltr'>inventa</span> <span class='ocrx_word' id='word_1_57' title='bbox 320 598 388 642; x_wconf 84' lang='lat' dir='ltr'>sit.</span> <span class='ocrx_word' id='word_1_58' title='bbox 441 599 487 642; x_wconf 87' lang='lat' dir='ltr'>E.</span> <span class='ocrx_word' id='word_1_59' title='bbox 511 598 663 642; x_wconf 90' lang='lat' dir='ltr'>Weber</span> <span class='ocrx_word' id='word_1_60' title='bbox 692 599 779 654; x_wconf 88' lang='lat' dir='ltr'>ipse</span> <span class='ocrx_word' id='word_1_61' title='bbox 809 599 946 642; x_wconf 89' lang='lat' dir='ltr'>locum</span> <span class='ocrx_word' id='word_1_62' title='bbox 977 599 1098 642; x_wconf 90' lang='lat' dir='ltr'>illum</span> <span class='ocrx_word' id='word_1_63' title='bbox 1129 600 1297 651; x_wconf 86' lang='lat' dir='ltr'>confert,</span> <span class='ocrx_word' id='word_1_64' title='bbox 1328 613 1405 655; x_wconf 92' lang='lat' dir='ltr'>quo</span> <span class='ocrx_word' id='word_1_65' title='bbox 1427 600 1505 644; x_wconf 94' lang='lat' dir='ltr'>Dio</span> <span class='ocrx_word' id='word_1_66' title='bbox 1526 601 1613 643; x_wconf 93' lang='lat' dir='ltr'>An-</span> 
     </span>
     <span class='ocr_line' id='line_1_10' title="bbox 123 669 1615 720; baseline 0.001 -10"><span class='ocrx_word' id='word_1_67' title='bbox 123 670 349 711; x_wconf 88' lang='lat' dir='ltr'>tisthenem</span> <span class='ocrx_word' id='word_1_68' title='bbox 370 682 460 711; x_wconf 88' lang='lat' dir='ltr'>eam</span> <span class='ocrx_word' id='word_1_69' title='bbox 481 669 694 720; x_wconf 88' lang='lat' dir='ltr'>invenisse,</span> <span class='ocrx_word' id='word_1_70' title='bbox 726 670 926 711; x_wconf 89' lang='lat' dir='ltr'>Zenonem</span> <span class='ocrx_word' id='word_1_71' title='bbox 957 671 1094 712; x_wconf 90' lang='lat' dir='ltr'>autem</span> <span class='ocrx_word' id='word_1_72' title='bbox 1127 670 1348 713; x_wconf 78' lang='lat' dir='ltr'>elaborasse</span> <span class='ocrx_word' id='word_1_73' title='bbox 1378 670 1491 715; x_wconf 88' lang='lat' dir='ltr'>dicit.</span> <span class='ocrx_word' id='word_1_74' title='bbox 1545 669 1615 713; x_wconf 86' lang='lat' dir='ltr'>sed</span> 
     </span>
     <span class='ocr_line' id='line_1_11' title="bbox 114 739 1615 796; baseline 0.001 -14"><span class='ocrx_word' id='word_1_75' title='bbox 114 739 175 782; x_wconf 39' lang='lat' dir='ltr'>*de</span> <span class='ocrx_word' id='word_1_76' title='bbox 208 740 351 783; x_wconf 90' lang='lat' dir='ltr'>Dionis</span> <span class='ocrx_word' id='word_1_77' title='bbox 381 740 492 783; x_wconf 89' lang='lat' dir='ltr'>fonte</span> <span class='ocrx_word' id='word_1_78' title='bbox 523 743 661 794; x_wconf 87' lang='lat' dir='ltr'>postea</span> <span class='ocrx_word' id='word_1_79' title='bbox 691 740 851 795; x_wconf 86' lang='lat' dir='ltr'>loquar,</span> <span class='ocrx_word' id='word_1_80' title='bbox 893 753 999 782; x_wconf 87' lang='lat' dir='ltr'>nunc</span> <span class='ocrx_word' id='word_1_81' title='bbox 1029 740 1207 783; x_wconf 86' lang='lat' dir='ltr'>breviter</span> <span class='ocrx_word' id='word_1_82' title='bbox 1246 741 1476 791; x_wconf 88' lang='lat' dir='ltr'>videamus,</span> <span class='ocrx_word' id='word_1_83' title='bbox 1517 741 1615 796; x_wconf 90' lang='lat' dir='ltr'>quid</span> 
     </span>
     <span class='ocr_line' id='line_1_12' title="bbox 126 809 1615 861; baseline 0.001 -10"><span class='ocrx_word' id='word_1_84' title='bbox 126 810 175 851; x_wconf 87' lang='lat' dir='ltr'>de</span> <span class='ocrx_word' id='word_1_85' title='bbox 216 810 362 851; x_wconf 89' lang='lat' dir='ltr'>ceteris</span> <span class='ocrx_word' id='word_1_86' title='bbox 393 810 536 852; x_wconf 86' lang='lat' dir='ltr'>Dionis</span> <span class='ocrx_word' id='word_1_87' title='bbox 576 810 759 853; x_wconf 88' lang='lat' dir='ltr'>homiliis</span> <span class='ocrx_word' id='word_1_88' title='bbox 804 810 1047 852; x_wconf 88' lang='lat' dir='ltr'>censendum</span> <span class='ocrx_word' id='word_1_89' title='bbox 1093 809 1161 852; x_wconf 89' lang='lat' dir='ltr'>sit.</span> <span class='ocrx_word' id='word_1_90' title='bbox 1224 812 1272 852; x_wconf 90' lang='lat' dir='ltr'>ut</span> <span class='ocrx_word' id='word_1_91' title='bbox 1317 811 1510 861; x_wconf 84' lang='lat' dir='ltr'>secunda,</span> <span class='ocrx_word' id='word_1_92' title='bbox 1557 811 1615 853; x_wconf 92' lang='lat' dir='ltr'>sic</span> 
     </span>
     <span class='ocr_line' id='line_1_13' title="bbox 112 879 1615 934; baseline 0 -12"><span class='ocrx_word' id='word_1_93' title='bbox 112 879 252 922; x_wconf 81' lang='lat' dir='ltr'>etiam</span> <span class='ocrx_word' id='word_1_94' title='bbox 283 880 406 922; x_wconf 88' lang='lat' dir='ltr'>tertia</span> <span class='ocrx_word' id='word_1_95' title='bbox 436 881 564 923; x_wconf 85' lang='lat' dir='ltr'>oratio</span> <span class='ocrx_word' id='word_1_96' title='bbox 596 880 700 922; x_wconf 91' lang='lat' dir='ltr'>mihi</span> <span class='ocrx_word' id='word_1_97' title='bbox 731 880 897 934; x_wconf 88' lang='lat' dir='ltr'>quidem</span> <span class='ocrx_word' id='word_1_98' title='bbox 930 880 1049 934; x_wconf 88' lang='lat' dir='ltr'>longe</span> <span class='ocrx_word' id='word_1_99' title='bbox 1088 879 1250 922; x_wconf 87' lang='lat' dir='ltr'>videtur</span> <span class='ocrx_word' id='word_1_100' title='bbox 1285 881 1421 922; x_wconf 85' lang='lat' dir='ltr'>abesse</span> <span class='ocrx_word' id='word_1_101' title='bbox 1451 880 1502 922; x_wconf 89' lang='lat' dir='ltr'>ab</span> <span class='ocrx_word' id='word_1_102' title='bbox 1542 880 1615 922; x_wconf 91' lang='lat' dir='ltr'>ho-</span> 
     </span>
     <span class='ocr_line' id='line_1_14' title="bbox 125 949 1614 1005; baseline 0 -13"><span class='ocrx_word' id='word_1_103' title='bbox 125 949 265 992; x_wconf 87' lang='lat' dir='ltr'>miliae</span> <span class='ocrx_word' id='word_1_104' title='bbox 305 962 466 1005; x_wconf 88' lang='lat' dir='ltr'>genere.</span> <span class='ocrx_word' id='word_1_105' title='bbox 530 949 607 993; x_wconf 93' lang='lat' dir='ltr'>Dio</span> <span class='ocrx_word' id='word_1_106' title='bbox 647 950 758 992; x_wconf 90' lang='lat' dir='ltr'>enim</span> <span class='ocrx_word' id='word_1_107' title='bbox 803 962 893 992; x_wconf 91' lang='lat' dir='ltr'>eam</span> <span class='ocrx_word' id='word_1_108' title='bbox 938 950 1161 993; x_wconf 89' lang='lat' dir='ltr'>orationem</span> <span class='ocrx_word' id='word_1_109' title='bbox 1201 949 1251 993; x_wconf 90' lang='lat' dir='ltr'>ad</span> <span class='ocrx_word' id='word_1_110' title='bbox 1290 962 1418 993; x_wconf 91' lang='lat' dir='ltr'>unum</span> <span class='ocrx_word' id='word_1_111' title='bbox 1457 951 1614 993; x_wconf 89' lang='lat' dir='ltr'>certum</span> 
     </span>
     <span class='ocr_line' id='line_1_15' title="bbox 116 1020 1615 1075; baseline 0.001 -13"><span class='ocrx_word' id='word_1_112' title='bbox 116 1020 347 1071; x_wconf 80' lang='lat' dir='ltr'>hominem,</span> <span class='ocrx_word' id='word_1_113' title='bbox 379 1020 589 1064; x_wconf 85' lang='lat' dir='ltr'>Caesarem</span> <span class='ocrx_word' id='word_1_114' title='bbox 623 1021 781 1063; x_wconf 89' lang='lat' dir='ltr'>scilicet</span> <span class='ocrx_word' id='word_1_115' title='bbox 812 1021 986 1075; x_wconf 77' lang='lat' dir='ltr'>scripsit.</span> <span class='ocrx_word' id='word_1_116' title='bbox 1049 1020 1153 1063; x_wconf 89' lang='lat' dir='ltr'>illud</span> <span class='ocrx_word' id='word_1_117' title='bbox 1185 1021 1339 1064; x_wconf 87' lang='lat' dir='ltr'>dictum</span> <span class='ocrx_word' id='word_1_118' title='bbox 1374 1023 1512 1063; x_wconf 90' lang='lat' dir='ltr'>autem</span> <span class='ocrx_word' id='word_1_119' title='bbox 1543 1021 1615 1063; x_wconf 90' lang='lat' dir='ltr'>So-</span> 
     </span>
     <span class='ocr_line' id='line_1_16' title="bbox 114 1090 1615 1146; baseline 0 -13"><span class='ocrx_word' id='word_1_120' title='bbox 114 1091 259 1141; x_wconf 73' lang='lat' dir='ltr'>cratis,</span> <span class='ocrx_word' id='word_1_121' title='bbox 282 1090 387 1146; x_wconf 87' lang='lat' dir='ltr'>quod</span> <span class='ocrx_word' id='word_1_122' title='bbox 410 1090 487 1134; x_wconf 92' lang='lat' dir='ltr'>Dio</span> <span class='ocrx_word' id='word_1_123' title='bbox 507 1091 631 1134; x_wconf 89' lang='lat' dir='ltr'>initio</span> <span class='ocrx_word' id='word_1_124' title='bbox 650 1091 816 1145; x_wconf 77' lang='lat' dir='ltr'>profert,</span> <span class='ocrx_word' id='word_1_125' title='bbox 838 1091 1011 1133; x_wconf 90' lang='lat' dir='ltr'>minime</span> <span class='ocrx_word' id='word_1_126' title='bbox 1033 1093 1095 1134; x_wconf 89' lang='lat' dir='ltr'>est</span> <span class='ocrx_word' id='word_1_127' title='bbox 1115 1091 1309 1134; x_wconf 90' lang='lat' dir='ltr'>orationis</span> <span class='ocrx_word' id='word_1_128' title='bbox 1329 1092 1615 1146; x_wconf 85' lang='lat' dir='ltr'>argumentum</span> 
     </span>
     <span class='ocr_line' id='line_1_17' title="bbox 113 1161 1615 1216; baseline -0.001 -13"><span class='ocrx_word' id='word_1_129' title='bbox 113 1162 216 1214; x_wconf 78' lang='lat' dir='ltr'>(nos</span> <span class='ocrx_word' id='word_1_130' title='bbox 240 1161 466 1203; x_wconf 87' lang='lat' dir='ltr'>diceremus</span> <span class='ocrx_word' id='word_1_131' title='bbox 485 1161 826 1216; x_wconf 75' lang='lat' dir='ltr'>‚‚predi9tteoet“),</span> <span class='ocrx_word' id='word_1_132' title='bbox 858 1162 926 1203; x_wconf 92' lang='lat' dir='ltr'>sed</span> <span class='ocrx_word' id='word_1_133' title='bbox 947 1162 1053 1203; x_wconf 91' lang='lat' dir='ltr'>nihil</span> <span class='ocrx_word' id='word_1_134' title='bbox 1074 1164 1147 1211; x_wconf 86' lang='lat' dir='ltr'>est,</span> <span class='ocrx_word' id='word_1_135' title='bbox 1179 1161 1258 1203; x_wconf 92' lang='lat' dir='ltr'>nisi</span> <span class='ocrx_word' id='word_1_136' title='bbox 1281 1162 1486 1203; x_wconf 86' lang='lat' dir='ltr'>exordium</span> <span class='ocrx_word' id='word_1_137' title='bbox 1507 1161 1615 1203; x_wconf 89' lang='lat' dir='ltr'>eius-</span> 
     </span>
     <span class='ocr_line' id='line_1_18' title="bbox 124 1230 1614 1284; baseline -0.001 -12"><span class='ocrx_word' id='word_1_138' title='bbox 124 1230 219 1272; x_wconf 88' lang='lat' dir='ltr'>dem</span> <span class='ocrx_word' id='word_1_139' title='bbox 235 1231 407 1284; x_wconf 87' lang='lat' dir='ltr'>geueris,</span> <span class='ocrx_word' id='word_1_140' title='bbox 425 1231 541 1272; x_wconf 89' lang='lat' dir='ltr'>cuius</span> <span class='ocrx_word' id='word_1_141' title='bbox 562 1231 866 1273; x_wconf 89' lang='lat' dir='ltr'>narratiuncula</span> <span class='ocrx_word' id='word_1_142' title='bbox 881 1231 967 1280; x_wconf 91' lang='lat' dir='ltr'>illa,</span> <span class='ocrx_word' id='word_1_143' title='bbox 989 1244 1070 1284; x_wconf 91' lang='lat' dir='ltr'>qua</span> <span class='ocrx_word' id='word_1_144' title='bbox 1091 1231 1169 1273; x_wconf 91' lang='lat' dir='ltr'>Dio</span> <span class='ocrx_word' id='word_1_145' title='bbox 1197 1231 1418 1273; x_wconf 89' lang='lat' dir='ltr'>orationem</span> <span class='ocrx_word' id='word_1_146' title='bbox 1441 1231 1614 1284; x_wconf 86' lang='lat' dir='ltr'>primam</span> 
     </span>
     <span class='ocr_line' id='line_1_19' title="bbox 124 1298 1614 1357; baseline 0 -15"><span class='ocrx_word' id='word_1_147' title='bbox 124 1299 287 1354; x_wconf 90' lang='lat' dir='ltr'>incipit.</span> <span class='ocrx_word' id='word_1_148' title='bbox 338 1299 389 1342; x_wconf 89' lang='lat' dir='ltr'>ab</span> <span class='ocrx_word' id='word_1_149' title='bbox 412 1300 476 1342; x_wconf 90' lang='lat' dir='ltr'>his</span> <span class='ocrx_word' id='word_1_150' title='bbox 496 1299 812 1354; x_wconf 88' lang='lat' dir='ltr'>praefationibus</span> <span class='ocrx_word' id='word_1_151' title='bbox 842 1300 960 1355; x_wconf 88' lang='lat' dir='ltr'>longe</span> <span class='ocrx_word' id='word_1_152' title='bbox 992 1299 1118 1343; x_wconf 88' lang='lat' dir='ltr'>distat</span> <span class='ocrx_word' id='word_1_153' title='bbox 1138 1300 1292 1342; x_wconf 87' lang='lat' dir='ltr'>Teletis</span> <span class='ocrx_word' id='word_1_154' title='bbox 1321 1298 1422 1357; x_wconf 83' lang='grc' dir='ltr'><em>περὶ</em></span> <span class='ocrx_word' id='word_1_155' title='bbox 1454 1298 1614 1357; x_wconf 79' lang='grc' dir='ltr'><strong><em>αὐταρ-</em></strong></span> 
     </span>
     <span class='ocr_line' id='line_1_20' title="bbox 124 1367 1615 1423; baseline 0 -12"><span class='ocrx_word' id='word_1_156' title='bbox 124 1367 245 1420; x_wconf 79' lang='grc' dir='ltr'><strong><em>κείας</em></strong></span> <span class='ocrx_word' id='word_1_157' title='bbox 284 1371 505 1423; x_wconf 90' lang='lat' dir='ltr'>disputatio</span> <span class='ocrx_word' id='word_1_158' title='bbox 544 1370 609 1412; x_wconf 89' lang='lat' dir='ltr'>vel</span> <span class='ocrx_word' id='word_1_159' title='bbox 650 1370 842 1419; x_wconf 88' lang='lat' dir='ltr'>homilia,</span> <span class='ocrx_word' id='word_1_160' title='bbox 881 1382 961 1423; x_wconf 88' lang='lat' dir='ltr'>qua</span> <span class='ocrx_word' id='word_1_161' title='bbox 990 1383 1033 1412; x_wconf 86' lang='lat' dir='ltr'>re</span> <span class='ocrx_word' id='word_1_162' title='bbox 1065 1383 1158 1412; x_wconf 90' lang='lat' dir='ltr'>vera</span> <span class='ocrx_word' id='word_1_163' title='bbox 1189 1370 1328 1412; x_wconf 90' lang='lat' dir='ltr'>Bionis</span> <span class='ocrx_word' id='word_1_164' title='bbox 1357 1369 1515 1412; x_wconf 86' lang='lat' dir='ltr'>dictum</span> <span class='ocrx_word' id='word_1_165' title='bbox 1546 1382 1615 1411; x_wconf 84' lang='lat' dir='ltr'>ex-</span> 
     </span>
     <span class='ocr_line' id='line_1_21' title="bbox 115 1439 1615 1496; baseline -0.001 -12"><span class='ocrx_word' id='word_1_166' title='bbox 115 1440 301 1496; x_wconf 85' lang='lat' dir='ltr'>plicatur</span> <span class='ocrx_word' id='word_1_167' title='bbox 332 1443 375 1483; x_wconf 92' lang='lat' dir='ltr'>et</span> <span class='ocrx_word' id='word_1_168' title='bbox 405 1440 677 1483; x_wconf 87' lang='lat' dir='ltr'>confirmatur.</span> <span class='ocrx_word' id='word_1_169' title='bbox 738 1441 786 1482; x_wconf 90' lang='lat' dir='ltr'>de</span> <span class='ocrx_word' id='word_1_170' title='bbox 822 1440 954 1495; x_wconf 89' lang='lat' dir='ltr'>prima</span> <span class='ocrx_word' id='word_1_171' title='bbox 993 1440 1173 1483; x_wconf 88' lang='lat' dir='ltr'>oratione</span> <span class='ocrx_word' id='word_1_172' title='bbox 1211 1441 1293 1483; x_wconf 88' lang='lat' dir='ltr'>iam</span> <span class='ocrx_word' id='word_1_173' title='bbox 1335 1441 1497 1484; x_wconf 87' lang='lat' dir='ltr'>Martha</span> <span class='ocrx_word' id='word_1_174' title='bbox 1536 1439 1615 1495; x_wconf 83' lang='lat' dir='ltr'>(les</span> 
     </span>
     <span class='ocr_line' id='line_1_22' title="bbox 117 1502 1616 1566; baseline -0.002 -13"><span class='ocrx_word' id='word_1_175' title='bbox 117 1502 358 1553; x_wconf 71' lang='lat' dir='ltr'>moralis-tes</span> <span class='ocrx_word' id='word_1_176' title='bbox 379 1524 478 1553; x_wconf 81' lang='lat' dir='ltr'>sous</span> <span class='ocrx_word' id='word_1_177' title='bbox 499 1510 683 1562; x_wconf 78' lang='lat' dir='ltr'>l’empire</span> <span class='ocrx_word' id='word_1_178' title='bbox 705 1510 914 1566; x_wconf 67' lang='lat' dir='ltr'>Romaim)</span> <span class='ocrx_word' id='word_1_179' title='bbox 947 1511 1066 1552; x_wconf 90' lang='lat' dir='ltr'>verba</span> <span class='ocrx_word' id='word_1_180' title='bbox 1096 1511 1194 1552; x_wconf 85' lang='lat' dir='ltr'>fecit</span> <span class='ocrx_word' id='word_1_181' title='bbox 1213 1524 1251 1564; x_wconf 90' lang='lat' dir='ltr'>p.</span> <span class='ocrx_word' id='word_1_182' title='bbox 1277 1517 1360 1554; x_wconf 84' lang='lat'>245</span> <span class='ocrx_word' id='word_1_183' title='bbox 1384 1513 1420 1552; x_wconf 83' lang='lat'>¹:</span> <span class='ocrx_word' id='word_1_184' title='bbox 1451 1510 1616 1561; x_wconf 76' lang='lat' dir='ltr'>„Ainsi</span> 
     </span>
     <span class='ocr_line' id='line_1_23' title="bbox 124 1580 1613 1634; baseline -0.001 -10"><span class='ocrx_word' id='word_1_185' title='bbox 124 1580 244 1624; x_wconf 77' lang='lat' dir='ltr'>Dion</span> <span class='ocrx_word' id='word_1_186' title='bbox 267 1581 420 1634; x_wconf 71' lang='lat' dir='ltr'>preche</span> <span class='ocrx_word' id='word_1_187' title='bbox 449 1593 527 1623; x_wconf 79' lang='lat' dir='ltr'>sur</span> <span class='ocrx_word' id='word_1_188' title='bbox 555 1594 617 1623; x_wconf 79' lang='lat' dir='ltr'>un</span> <span class='ocrx_word' id='word_1_189' title='bbox 647 1583 754 1623; x_wconf 76' lang='lat' dir='ltr'>texte</span> <span class='ocrx_word' id='word_1_190' title='bbox 783 1580 889 1634; x_wconf 79' lang='lat' dir='ltr'>qu’il</span> <span class='ocrx_word' id='word_1_191' title='bbox 917 1584 1133 1634; x_wconf 75' lang='lat' dir='ltr'>emprunte</span> <span class='ocrx_word' id='word_1_192' title='bbox 1164 1595 1223 1623; x_wconf 81' lang='lat' dir='ltr'>au</span> <span class='ocrx_word' id='word_1_193' title='bbox 1255 1580 1355 1623; x_wconf 79' lang='lat' dir='ltr'>livre</span> <span class='ocrx_word' id='word_1_194' title='bbox 1376 1595 1465 1634; x_wconf 77' lang='lat' dir='ltr'>par</span> <span class='ocrx_word' id='word_1_195' title='bbox 1485 1580 1613 1623; x_wconf 74' lang='lat' dir='ltr'>eoecel-</span> 
     </span>
     <span class='ocr_line' id='line_1_24' title="bbox 118 1650 1615 1704; baseline -0.001 -11"><span class='ocrx_word' id='word_1_196' title='bbox 118 1652 248 1703; x_wconf 74' lang='lat' dir='ltr'>Ieme,</span> <span class='ocrx_word' id='word_1_197' title='bbox 280 1652 308 1693; x_wconf 86' lang='grc' dir='ltr'><em>ὰ</em></span> <span class='ocrx_word' id='word_1_198' title='bbox 330 1651 522 1693; x_wconf 76' lang='lat' dir='ltr'>Homere.</span> <span class='ocrx_word' id='word_1_199' title='bbox 584 1654 714 1692; x_wconf 74' lang='lat' dir='ltr'>avant</span> <span class='ocrx_word' id='word_1_200' title='bbox 733 1651 916 1692; x_wconf 80' lang='lat' dir='ltr'>d&#39;entrer</span> <span class='ocrx_word' id='word_1_201' title='bbox 946 1652 1057 1692; x_wconf 75' lang='lat' dir='ltr'>dans</span> <span class='ocrx_word' id='word_1_202' title='bbox 1086 1664 1162 1692; x_wconf 74' lang='lat' dir='ltr'>son</span> <span class='ocrx_word' id='word_1_203' title='bbox 1191 1651 1312 1704; x_wconf 74' lang='lat' dir='ltr'>sajet,</span> <span class='ocrx_word' id='word_1_204' title='bbox 1342 1651 1370 1691; x_wconf 81' lang='grc' dir='ltr'><strong>ἀ</strong></span> <span class='ocrx_word' id='word_1_205' title='bbox 1402 1650 1444 1692; x_wconf 86' lang='lat' dir='ltr'>la</span> <span class='ocrx_word' id='word_1_206' title='bbox 1471 1651 1535 1703; x_wconf 74' lang='lat' dir='ltr'>fin</span> <span class='ocrx_word' id='word_1_207' title='bbox 1566 1651 1615 1692; x_wconf 84' lang='lat' dir='ltr'>de</span> 
     </span>
     <span class='ocr_line' id='line_1_25' title="bbox 124 1720 1614 1774; baseline -0.001 -10"><span class='ocrx_word' id='word_1_208' title='bbox 124 1721 308 1772; x_wconf 77' lang='lat' dir='ltr'>Z&#39;exorde,</span> <span class='ocrx_word' id='word_1_209' title='bbox 339 1721 374 1763; x_wconf 78' lang='lat' dir='ltr'>il</span> <span class='ocrx_word' id='word_1_210' title='bbox 392 1722 567 1774; x_wconf 70' lang='lat' dir='ltr'>invoqzoe</span> <span class='ocrx_word' id='word_1_211' title='bbox 589 1720 631 1762; x_wconf 85' lang='lat' dir='ltr'>la</span> <span class='ocrx_word' id='word_1_212' title='bbox 651 1720 924 1772; x_wconf 74' lang='lat' dir='ltr'>Persuasion,</span> <span class='ocrx_word' id='word_1_213' title='bbox 946 1721 1002 1763; x_wconf 82' lang='lat' dir='ltr'>les</span> <span class='ocrx_word' id='word_1_214' title='bbox 1022 1720 1171 1762; x_wconf 80' lang='lat' dir='ltr'>Muses</span> <span class='ocrx_word' id='word_1_215' title='bbox 1192 1725 1231 1763; x_wconf 82' lang='lat' dir='ltr'>et</span> <span class='ocrx_word' id='word_1_216' title='bbox 1250 1720 1444 1774; x_wconf 75' lang='lat' dir='ltr'>Apollon,</span> <span class='ocrx_word' id='word_1_217' title='bbox 1464 1734 1614 1762; x_wconf 80' lang='lat' dir='ltr'>comme</span> 
     </span>
     <span class='ocr_line' id='line_1_26' title="bbox 117 1791 1614 1844; baseline -0.001 -10"><span class='ocrx_word' id='word_1_218' title='bbox 117 1791 185 1834; x_wconf 70' lang='lat' dir='ltr'>les</span> <span class='ocrx_word' id='word_1_219' title='bbox 222 1795 412 1834; x_wconf 68' lang='lat' dir='ltr'>mnteurs·</span> <span class='ocrx_word' id='word_1_220' title='bbox 450 1791 652 1833; x_wconf 59' lang='lat' dir='ltr'>chr-diens</span> <span class='ocrx_word' id='word_1_221' title='bbox 681 1791 906 1844; x_wconf 76' lang='lat' dir='ltr'>implorent</span> <span class='ocrx_word' id='word_1_222' title='bbox 936 1791 970 1833; x_wconf 79' lang='lat' dir='ltr'>le</span> <span class='ocrx_word' id='word_1_223' title='bbox 999 1804 1162 1834; x_wconf 80' lang='lat' dir='ltr'>secours</span> <span class='ocrx_word' id='word_1_224' title='bbox 1193 1791 1283 1833; x_wconf 77' lang='lat' dir='ltr'>d&#39;en</span> <span class='ocrx_word' id='word_1_225' title='bbox 1312 1791 1456 1833; x_wconf 76' lang='lat' dir='ltr'>haut.“</span> <span class='ocrx_word' id='word_1_226' title='bbox 1516 1804 1614 1833; x_wconf 90' lang='lat' dir='ltr'>num</span> 
     </span>
     <span class='ocr_line' id='line_1_27' title="bbox 124 1861 1614 1905; baseline -0.001 -1"><span class='ocrx_word' id='word_1_227' title='bbox 124 1865 233 1905; x_wconf 90' lang='lat' dir='ltr'>recte</span> <span class='ocrx_word' id='word_1_228' title='bbox 266 1862 410 1904; x_wconf 91' lang='lat' dir='ltr'>Dionis</span> <span class='ocrx_word' id='word_1_229' title='bbox 440 1862 664 1904; x_wconf 89' lang='lat' dir='ltr'>orationem</span> <span class='ocrx_word' id='word_1_230' title='bbox 695 1864 781 1904; x_wconf 89' lang='lat' dir='ltr'>tam</span> <span class='ocrx_word' id='word_1_231' title='bbox 813 1864 996 1904; x_wconf 86' lang='lat' dir='ltr'>accurate</span> <span class='ocrx_word' id='word_1_232' title='bbox 1027 1875 1119 1904; x_wconf 88' lang='lat' dir='ltr'>cum</span> <span class='ocrx_word' id='word_1_233' title='bbox 1162 1861 1345 1904; x_wconf 91' lang='lat' dir='ltr'>homiliis</span> <span class='ocrx_word' id='word_1_234' title='bbox 1381 1861 1614 1904; x_wconf 86' lang='lat' dir='ltr'>christia-nis</span> 
     </span>
     <span class='ocr_line' id='line_1_28' title="bbox 111 1932 1614 1987; baseline -0.001 -12"><span class='ocrx_word' id='word_1_235' title='bbox 111 1933 436 1986; x_wconf 90' lang='lat' dir='ltr'>-comparaverit,</span> <span class='ocrx_word' id='word_1_236' title='bbox 478 1932 621 1975; x_wconf 88' lang='lat' dir='ltr'>dubito</span> <span class='ocrx_word' id='word_1_237' title='bbox 705 1945 799 1974; x_wconf 89' lang='lat' dir='ltr'>nam</span> <span class='ocrx_word' id='word_1_238' title='bbox 838 1934 1053 1987; x_wconf 87' lang='lat' dir='ltr'>antequam</span> <span class='ocrx_word' id='word_1_239' title='bbox 1100 1933 1224 1974; x_wconf 89' lang='lat' dir='ltr'>etiam</span> <span class='ocrx_word' id='word_1_240' title='bbox 1271 1932 1373 1974; x_wconf 90' lang='lat' dir='ltr'>aliae</span> <span class='ocrx_word' id='word_1_241' title='bbox 1415 1933 1614 1974; x_wconf 88' lang='lat' dir='ltr'>orationes</span> 
     </span>
     <span class='ocr_line' id='line_1_29' title="bbox 123 2001 1613 2058; baseline -0.001 -12"><span class='ocrx_word' id='word_1_242' title='bbox 123 2004 213 2046; x_wconf 90' lang='lat' dir='ltr'>eius</span> <span class='ocrx_word' id='word_1_243' title='bbox 240 2004 437 2057; x_wconf 87' lang='lat' dir='ltr'>temporis</span> <span class='ocrx_word' id='word_1_244' title='bbox 467 2003 698 2053; x_wconf 86' lang='lat' dir='ltr'>afferantur,</span> <span class='ocrx_word' id='word_1_245' title='bbox 729 2015 900 2058; x_wconf 90' lang='lat' dir='ltr'>quarum</span> <span class='ocrx_word' id='word_1_246' title='bbox 932 2003 1052 2046; x_wconf 88' lang='lat' dir='ltr'>initio</span> <span class='ocrx_word' id='word_1_247' title='bbox 1074 2002 1115 2045; x_wconf 93' lang='lat' dir='ltr'>di</span> <span class='ocrx_word' id='word_1_248' title='bbox 1146 2003 1395 2053; x_wconf 88' lang='lat' dir='ltr'>invocantur,</span> <span class='ocrx_word' id='word_1_249' title='bbox 1427 2001 1613 2057; x_wconf 85' lang='lat' dir='ltr'>equidem</span> 
     </span>
     <span class='ocr_line' id='line_1_30' title="bbox 123 2072 1614 2128; baseline -0.001 -13"><span class='ocrx_word' id='word_1_250' title='bbox 123 2073 364 2116; x_wconf 87' lang='lat' dir='ltr'>crediderim</span> <span class='ocrx_word' id='word_1_251' title='bbox 387 2074 560 2116; x_wconf 89' lang='lat' dir='ltr'>Dionem</span> <span class='ocrx_word' id='word_1_252' title='bbox 593 2073 661 2115; x_wconf 88' lang='lat' dir='ltr'>hic</span> <span class='ocrx_word' id='word_1_253' title='bbox 695 2086 772 2115; x_wconf 88' lang='lat' dir='ltr'>non</span> <span class='ocrx_word' id='word_1_254' title='bbox 795 2085 949 2116; x_wconf 90' lang='lat' dir='ltr'>morem</span> <span class='ocrx_word' id='word_1_255' title='bbox 970 2073 1248 2128; x_wconf 87' lang='lat' dir='ltr'>pervolgatum</span> <span class='ocrx_word' id='word_1_256' title='bbox 1270 2075 1312 2115; x_wconf 88' lang='lat' dir='ltr'>et</span> <span class='ocrx_word' id='word_1_257' title='bbox 1331 2085 1355 2114; x_wconf 90' lang='lat' dir='ltr'>a</span> <span class='ocrx_word' id='word_1_258' title='bbox 1373 2072 1614 2115; x_wconf 75' lang='lat' dir='ltr'>ChristIauis</span> 
     </span>
     <span class='ocr_line' id='line_1_31' title="bbox 114 2142 1612 2198; baseline -0.001 -13"><span class='ocrx_word' id='word_1_259' title='bbox 114 2156 281 2198; x_wconf 89' lang='lat' dir='ltr'>-quoque</span> <span class='ocrx_word' id='word_1_260' title='bbox 303 2145 524 2197; x_wconf 83' lang='lat' dir='ltr'>receptum,</span> <span class='ocrx_word' id='word_1_261' title='bbox 556 2143 623 2185; x_wconf 90' lang='lat' dir='ltr'>sed</span> <span class='ocrx_word' id='word_1_262' title='bbox 646 2144 815 2185; x_wconf 89' lang='lat' dir='ltr'>Homeri</span> <span class='ocrx_word' id='word_1_263' title='bbox 836 2143 1065 2197; x_wconf 83' lang='lat' dir='ltr'>exemplum</span> <span class='ocrx_word' id='word_1_264' title='bbox 1087 2143 1256 2194; x_wconf 89' lang='lat' dir='ltr'>imitari,</span> <span class='ocrx_word' id='word_1_265' title='bbox 1276 2155 1398 2198; x_wconf 89' lang='lat' dir='ltr'>quem</span> <span class='ocrx_word' id='word_1_266' title='bbox 1420 2142 1612 2198; x_wconf 87' lang='lat' dir='ltr'>sequitur.</span> 
     </span>
     <span class='ocr_line' id='line_1_32' title="bbox 123 2213 1613 2268; baseline -0.001 -12"><span class='ocrx_word' id='word_1_267' title='bbox 123 2216 330 2268; x_wconf 88' lang='lat' dir='ltr'>praeterea</span> <span class='ocrx_word' id='word_1_268' title='bbox 362 2214 488 2256; x_wconf 88' lang='lat' dir='ltr'>etiam</span> <span class='ocrx_word' id='word_1_269' title='bbox 519 2214 618 2255; x_wconf 90' lang='lat' dir='ltr'>haec</span> <span class='ocrx_word' id='word_1_270' title='bbox 648 2213 776 2255; x_wconf 91' lang='lat' dir='ltr'>oratio</span> <span class='ocrx_word' id='word_1_271' title='bbox 807 2213 857 2255; x_wconf 93' lang='lat' dir='ltr'>ad</span> <span class='ocrx_word' id='word_1_272' title='bbox 885 2213 1093 2255; x_wconf 85' lang='lat' dir='ltr'>Gaesarem</span> <span class='ocrx_word' id='word_1_273' title='bbox 1123 2213 1254 2255; x_wconf 91' lang='lat' dir='ltr'>solum</span> <span class='ocrx_word' id='word_1_274' title='bbox 1285 2214 1384 2255; x_wconf 88' lang='lat' dir='ltr'>data</span> <span class='ocrx_word' id='word_1_275' title='bbox 1413 2215 1487 2264; x_wconf 88' lang='lat' dir='ltr'>est,</span> <span class='ocrx_word' id='word_1_276' title='bbox 1517 2225 1613 2255; x_wconf 92' lang='lat' dir='ltr'>nam</span> 
     </span>
     <span class='ocr_line' id='line_1_33' title="bbox 110 2283 1613 2338; baseline -0.001 -12"><span class='ocrx_word' id='word_1_277' title='bbox 110 2283 229 2338; x_wconf 87' lang='lat' dir='ltr'>-quod</span> <span class='ocrx_word' id='word_1_278' title='bbox 260 2285 306 2326; x_wconf 87' lang='grc' dir='ltr'>Ε.</span> <span class='ocrx_word' id='word_1_279' title='bbox 329 2283 480 2327; x_wconf 88' lang='lat' dir='ltr'>Weber</span> <span class='ocrx_word' id='word_1_280' title='bbox 509 2296 548 2337; x_wconf 88' lang='lat' dir='ltr'>p.</span> <span class='ocrx_word' id='word_1_281' title='bbox 571 2289 725 2337; x_wconf 87' lang='lat' dir='ltr'>230sq.</span> <span class='ocrx_word' id='word_1_282' title='bbox 759 2283 860 2326; x_wconf 89' lang='lat' dir='ltr'>dicit</span> <span class='ocrx_word' id='word_1_283' title='bbox 879 2283 1050 2326; x_wconf 90' lang='lat' dir='ltr'>Dionem</span> <span class='ocrx_word' id='word_1_284' title='bbox 1082 2283 1207 2326; x_wconf 86' lang='lat' dir='ltr'>etiam</span> <span class='ocrx_word' id='word_1_285' title='bbox 1238 2296 1377 2326; x_wconf 84' lang='lat' dir='ltr'>omnes</span> <span class='ocrx_word' id='word_1_286' title='bbox 1405 2283 1613 2338; x_wconf 89' lang='lat' dir='ltr'>legionum</span> 
     </span>
     <span class='ocr_line' id='line_1_34' title="bbox 123 2353 1613 2407; baseline -0.001 -11"><span class='ocrx_word' id='word_1_287' title='bbox 123 2353 245 2396; x_wconf 87' lang='lat' dir='ltr'>duces</span> <span class='ocrx_word' id='word_1_288' title='bbox 266 2355 308 2396; x_wconf 90' lang='lat' dir='ltr'>et</span> <span class='ocrx_word' id='word_1_289' title='bbox 339 2353 602 2407; x_wconf 89' lang='lat' dir='ltr'>imperatores</span> <span class='ocrx_word' id='word_1_290' title='bbox 631 2353 797 2407; x_wconf 89' lang='lat' dir='ltr'>alloqui,</span> <span class='ocrx_word' id='word_1_291' title='bbox 830 2353 975 2395; x_wconf 92' lang='lat' dir='ltr'>Dionis</span> <span class='ocrx_word' id='word_1_292' title='bbox 1004 2353 1106 2407; x_wconf 70' lang='lat'>§44</span> <span class='ocrx_word' id='word_1_293' title='bbox 1139 2353 1245 2395; x_wconf 88' lang='lat' dir='ltr'>haud</span> <span class='ocrx_word' id='word_1_294' title='bbox 1275 2355 1383 2396; x_wconf 88' lang='lat' dir='ltr'>recte</span> <span class='ocrx_word' id='word_1_295' title='bbox 1413 2355 1613 2407; x_wconf 89' lang='lat' dir='ltr'>interpre-</span> 
     </span>
     <span class='ocr_line' id='line_1_35' title="bbox 110 2423 1612 2478; baseline -0.002 -12"><span class='ocrx_word' id='word_1_296' title='bbox 110 2426 235 2467; x_wconf 86' lang='lat' dir='ltr'>tatus</span> <span class='ocrx_word' id='word_1_297' title='bbox 265 2426 339 2474; x_wconf 83' lang='lat' dir='ltr'>est,</span> <span class='ocrx_word' id='word_1_298' title='bbox 361 2435 440 2477; x_wconf 92' lang='lat' dir='ltr'>quo</span> <span class='ocrx_word' id='word_1_299' title='bbox 461 2424 548 2465; x_wconf 88' lang='lat' dir='ltr'>loco</span> <span class='ocrx_word' id='word_1_300' title='bbox 578 2423 754 2478; x_wconf 85' lang='lat' dir='ltr'>exempli</span> <span class='ocrx_word' id='word_1_301' title='bbox 785 2423 904 2465; x_wconf 90' lang='lat' dir='ltr'>modo</span> <span class='ocrx_word' id='word_1_302' title='bbox 934 2436 1053 2466; x_wconf 84' lang='lat' dir='ltr'>causa</span> <span class='ocrx_word' id='word_1_303' title='bbox 1083 2423 1203 2465; x_wconf 88' lang='lat' dir='ltr'>duces</span> <span class='ocrx_word' id='word_1_304' title='bbox 1233 2424 1612 2466; x_wconf 89' lang='lat' dir='ltr'>commemorantur.</span> 
     </span>
     <span class='ocr_line' id='line_1_36' title="bbox 123 2493 1612 2549; baseline -0.003 -12"><span class='ocrx_word' id='word_1_305' title='bbox 123 2495 167 2538; x_wconf 87' lang='grc' dir='ltr'>Ε.</span> <span class='ocrx_word' id='word_1_306' title='bbox 216 2494 365 2538; x_wconf 88' lang='lat' dir='ltr'>Weber</span> <span class='ocrx_word' id='word_1_307' title='bbox 411 2495 604 2548; x_wconf 88' lang='lat' dir='ltr'>quattuor</span> <span class='ocrx_word' id='word_1_308' title='bbox 644 2493 837 2537; x_wconf 90' lang='lat' dir='ltr'>homiliae</span> <span class='ocrx_word' id='word_1_309' title='bbox 875 2506 1024 2549; x_wconf 86' lang='lat' dir='ltr'>genera</span> <span class='ocrx_word' id='word_1_310' title='bbox 1062 2493 1185 2536; x_wconf 89' lang='lat' dir='ltr'>Dioni</span> <span class='ocrx_word' id='word_1_311' title='bbox 1226 2493 1374 2537; x_wconf 88' lang='lat' dir='ltr'>tribuit</span> <span class='ocrx_word' id='word_1_312' title='bbox 1417 2493 1526 2536; x_wconf 89' lang='lat' dir='ltr'>inter</span> <span class='ocrx_word' id='word_1_313' title='bbox 1571 2503 1612 2533; x_wconf 88' lang='lat' dir='ltr'>se</span> 
     </span>
     <span class='ocr_line' id='line_1_37' title="bbox 111 2559 1613 2620; baseline -0.002 -14"><span class='ocrx_word' id='word_1_314' title='bbox 111 2565 243 2619; x_wconf 60' lang='lat' dir='ltr'>pplane</span> <span class='ocrx_word' id='word_1_315' title='bbox 275 2565 452 2616; x_wconf 88' lang='lat' dir='ltr'>diversa,</span> <span class='ocrx_word' id='word_1_316' title='bbox 490 2564 638 2620; x_wconf 90' lang='lat' dir='ltr'>quibus</span> <span class='ocrx_word' id='word_1_317' title='bbox 668 2564 776 2607; x_wconf 90' lang='lat' dir='ltr'>nihil</span> <span class='ocrx_word' id='word_1_318' title='bbox 812 2564 924 2607; x_wconf 90' lang='lat' dir='ltr'>aliud</span> <span class='ocrx_word' id='word_1_319' title='bbox 963 2576 1176 2608; x_wconf 89' lang='lat' dir='ltr'>commune</span> <span class='ocrx_word' id='word_1_320' title='bbox 1214 2563 1342 2616; x_wconf 90' lang='lat' dir='ltr'>inest,</span> <span class='ocrx_word' id='word_1_321' title='bbox 1384 2562 1464 2606; x_wconf 86' lang='lat' dir='ltr'>nisi</span> <span class='ocrx_word' id='word_1_322' title='bbox 1507 2559 1613 2616; x_wconf 89' lang='lat' dir='ltr'>quod</span> 
     </span>
     <span class='ocr_line' id='line_1_38' title="bbox 124 2634 1614 2691; baseline -0.003 -12"><span class='ocrx_word' id='word_1_323' title='bbox 124 2636 202 2679; x_wconf 95' lang='lat' dir='ltr'>Dio</span> <span class='ocrx_word' id='word_1_324' title='bbox 240 2637 453 2691; x_wconf 89' lang='lat' dir='ltr'>praecepta</span> <span class='ocrx_word' id='word_1_325' title='bbox 492 2636 663 2679; x_wconf 91' lang='lat' dir='ltr'>moralia</span> <span class='ocrx_word' id='word_1_326' title='bbox 692 2636 773 2679; x_wconf 90' lang='lat' dir='ltr'>dat.</span> <span class='ocrx_word' id='word_1_327' title='bbox 836 2636 905 2678; x_wconf 90' lang='lat' dir='ltr'>sed</span> <span class='ocrx_word' id='word_1_328' title='bbox 945 2636 1156 2679; x_wconf 89' lang='lat' dir='ltr'>redeamus</span> <span class='ocrx_word' id='word_1_329' title='bbox 1199 2636 1250 2678; x_wconf 88' lang='lat' dir='ltr'>ad</span> <span class='ocrx_word' id='word_1_330' title='bbox 1289 2634 1514 2678; x_wconf 87' lang='lat' dir='ltr'>orationem</span> <span class='ocrx_word' id='word_1_331' title='bbox 1549 2644 1614 2674; x_wconf 87' lang='lat' dir='ltr'>se-</span> 
     </span>
     <span class='ocr_line' id='line_1_39' title="bbox 110 2707 308 2750; baseline 0.005 -1"><span class='ocrx_word' id='word_1_332' title='bbox 110 2707 308 2750; x_wconf 74' lang='lat' dir='ltr'>·cundam.</span> 
     </span>
    </p>
   </div>
  </div>
 </body>
</html>
