1772 2936
867 94 920 133 27

154 230 270 262 suam
301 219 461 263 dicendi
482 220 681 263 rationem
708 218 909 269 defendat,
940 231 996 262 or.
1019 218 1110 269 VH,
1146 225 1229 262 130
1239 231 1299 273 sq.
1320 218 1366 274 ¹).
1413 231 1515 273 quae
1545 231 1638 261 cum

156 290 215 333 ita
243 290 348 342 sint,
367 290 468 334 ‘iure
497 289 712 345 suspiceris
741 289 868 333 etlam
906 289 1001 333 aliis
1039 289 1140 332 locis
1170 289 1354 333 Platonis
1384 289 1556 344 vestigia
1595 289 1640 332 in

158 360 302 404 Diouis
341 361 505 415 scriptis
534 360 723 403 inveniri.
784 363 828 403 et
862 359 946 403 iam
985 360 1116 403 multa
1155 373 1181 402 a
1208 360 1309 403 viris
1348 359 1478 402 doctis
1516 360 1640 403 allata

155 432 266 482 sunt,
297 431 446 485 quibus
475 431 574 473 haec
606 430 780 485 suspicio
812 430 1017 485 probetur,
1048 429 1254 485 imprimis
1282 443 1307 473 a
1327 430 1456 474 Paulo
1480 431 1637 486 Hagen.

157 501 294 556 itaque
325 515 419 544 cum
440 501 525 554 ipse
543 501 755 543 Platonem
777 513 856 543 non
878 502 993 543 tanta
1011 513 1119 550 cura,
1150 502 1301 555 quanta
1315 502 1638 555 Xenophontem,

153 570 207 613 ad
230 572 410 614 nostram
430 571 705 626 quaestionem
724 571 1018 626 perquisierim,
1051 571 1126 613 hac
1145 571 1189 613 in
1210 584 1253 614 re
1282 570 1457 614 aliorum
1487 570 1639 614 auxilio

157 641 333 683 maxime
354 641 474 683 nitor.
516 641 598 683 iam
620 641 795 684 breviter
815 642 919 684 hanc
939 654 1025 684 rem
1045 643 1280 692 tractemus,
1312 654 1405 684 nam
1427 653 1541 696 spero
1562 642 1638 685 hoc

156 710 274 754 modo
294 712 449 755 factum
470 712 535 762 iri,
566 714 614 755 ut
633 712 682 754 de
703 712 847 755 Dionis
866 712 1031 766 ingenio
1058 712 1210 754 certius
1229 712 1426 755 iudicium
1449 713 1638 755 feramus.

244 781 382 835 Atque
412 782 554 825 statim
584 794 640 825 or.
672 783 710 833 Ι,
742 787 768 825 8
801 782 900 833 Dio,
939 794 1031 824 cum
1073 781 1182 824 dicat
1221 795 1298 824 non
1337 783 1515 825 musicae
1553 795 1638 825 csse

157 852 339 895 homines
368 853 419 896 ad
450 853 642 896 virtutem
675 853 870 904 excitare,
917 854 984 895 sed
1025 853 1324 907 philosophiae,
1365 854 1533 897 fortasse
1573 866 1638 896 re-

153 923 343 966 cordatur
373 924 558 967 Platonis
590 923 790 966 Phaedon.
824 929 874 967 61
895 923 954 974 Α,
994 935 1073 978 quo
1104 923 1192 967 loco
1222 923 1404 967 Socrates
1433 924 1637 967 somnium

156 1005 198 1036 se
230 994 426 1037 musicam
457 994 499 1037 id
530 996 592 1038 est
613 995 909 1049 philosophiam
941 996 1114 1037 tractare
1145 994 1247 1038 dicit
1277 995 1451 1038 iussisse.
1493 994 1637 1038 deinde

153 1063 206 1106 ad
237 1064 416 1108 eiusdem
448 1078 504 1108 or.
534 1066 558 1120 ξ
582 1073 648 1117 13,
681 1079 760 1120 qua
786 1066 864 1108 Dio
893 1066 1070 1109 breviter
1101 1066 1150 1108 de
1180 1066 1288 1108 malo
1319 1063 1413 1120 re'ge
1442 1066 1636 1120 loquitur,

153 1135 338 1177 conferas
359 1135 542 1178 Platonis
562 1137 751 1189 Reipubl.
767 1137 820 1187 X,
844 1141 927 1179 579
947 1137 981 1177 B
1001 1139 1043 1178 et
1063 1137 1109 1187 E,
1140 1149 1240 1190 quae
1262 1136 1312 1178 iis
1342 1136 1497 1178 similia
1525 1138 1634 1185 sunt,

152 1206 198 1247 et
219 1205 339 1247 verba
359 1204 432 1258 οὐχ
454 1202 684 1262 ἑστιάτορα
716 1204 791 1247 καὶ
822 1204 1070 1259 δαιτυμόνα,
1103 1206 1161 1256 ὡς
1192 1202 1274 1263 ἔφη
1305 1221 1383 1258 τις,
1415 1205 1638 1260 respiciunt

155 1275 343 1330 Reipubl.
377 1277 408 1327 I,
442 1281 525 1320 345
547 1276 578 1319 G
596 1277 642 1332 2).
696 1276 745 1319 ad
777 1278 1010 1330 sequentem
1042 1277 1337 1331 paragraphum
1358 1277 1511 1319 Barner
1541 1289 1634 1319 con-

153 1347 254 1389 tulit
279 1347 465 1401 Reipubl.
488 1348 557 1398 VI,
588 1352 674 1390 485
695 1348 726 1389 E
758 1348 799 1389 et
818 1347 894 1398 ΙΙΙ,
927 1352 1012 1390 390
1032 1347 1085 1397 E,
1116 1349 1165 1389 ut
1195 1346 1364 1390 Dionem
1399 1347 1637 1390 vocabulum

155 1417 474 1474 φιλοχρήματος
519 1430 541 1458 e
580 1418 749 1458 Platone
795 1417 974 1459 hausisse
1020 1417 1329 1468 demonstraret,
1376 1420 1418 1459 et
1457 1417 1636 1460 eiusdem

152 1488 286 1541 operis
316 1488 388 1538 IX,
421 1492 504 1531 579
524 1487 567 1537 C,
600 1494 684 1531 590
701 1487 744 1537 C,
776 1487 881 1541 quod
913 1488 1031 1530 Plato
1061 1487 1147 1529 illis
1175 1488 1277 1529 locis
1315 1487 1505 1530 similiter
1535 1487 1636 1530 dicit

152 1570 246 1599 eum
261 1589 271 1607 ,
317 1557 388 1611 qui
427 1557 491 1599 sui
529 1558 656 1611 ipsius
685 1560 827 1611 potens
857 1570 936 1599 non
967 1557 1044 1604 sit,
1090 1557 1184 1599 aliis
1218 1557 1418 1610 imperare
1458 1557 1636 1611 nequire.

150 1639 233 1681 quo
274 1628 361 1670 loco
407 1627 586 1670 dubitari
628 1629 781 1681 potest,
827 1629 966 1670 utrum
999 1627 1076 1670 Dio
1106 1627 1317 1670 Platonem
1356 1629 1547 1682 sequatur
1583 1640 1635 1670 an

153 1698 476 1752 Xenophontem,
508 1698 550 1740 id
574 1698 678 1752 quod
700 1710 722 1740 e
743 1699 955 1740 verborum
978 1699 1180 1740 structura
1200 1697 1374 1740 discerni
1388 1711 1467 1740 non
1487 1700 1635 1752 potest.

153 1769 244 1811 tum
276 1768 381 1822 quod
411 1769 516 1823 apud
538 1769 709 1811 Dionem
741 1769 914 1822 legimus
935 1769 958 1822 ξ
980 1773 1038 1810 20
1067 1769 1219 1810 bonum
1250 1781 1384 1822 regem
1411 1769 1538 1810 ἵλεων
1558 1768 1634 1811 καὶ

154 1838 296 1896 πρᾷον
326 1837 528 1896 παρέχειν
557 1839 633 1897 τὴν
663 1839 802 1896 ψυχὴν
832 1844 979 1891 πᾶσιν,
1014 1838 1133 1881 Plato
1164 1837 1308 1881 iisdem
1339 1838 1473 1881 verbis
1501 1839 1636 1883 utitur

152 1909 342 1961 Reipubl.
374 1909 474 1950 VIII
489 1940 498 1958 ,
531 1915 615 1951 566
633 1910 687 1950 E:
727 1907 803 1950 καὶ
834 1915 971 1950 πᾶσιν
999 1908 1126 1959 ἵλεώς
1163 1923 1210 1950 τε
1240 1907 1315 1950 καὶ
1347 1908 1488 1965 πρᾷος
1524 1903 1634 1951 εἶναι

153 1980 484 2035 προσποιεῖται,
531 1978 604 2021 ubi
648 1991 711 2021 res
751 1980 812 2021 est
851 1978 899 2021 de
944 1978 1052 2021 malo
1091 1991 1184 2033 rege
1202 1979 1248 2033 ³).
1289 1978 1414 2021 etiam
1452 1979 1477 2032 ἓ
1509 1983 1563 2021 28
1574 1991 1634 2032 sq.

247 2078 284 2120 1)
307 2076 400 2112 Audi
423 2077 555 2123 ipsum:
582 2081 669 2119 ἴσως
694 2076 759 2113 οὖν
785 2078 871 2114 οὐδὲ
896 2079 1010 2114 ἐκεῖνο
1032 2080 1242 2126 μεμπτέον,
1268 2078 1369 2118 ὅστις
1393 2080 1476 2124 περὶ
1501 2077 1635 2125 ἀνδρὸς

147 2137 300 2171 δικαίου
311 2140 372 2171 καὶ
386 2137 620 2180 δικαιοσύνης
631 2140 749 2182 λέγειν
761 2139 972 2184 ἀρξάμενος,
990 2139 1170 2181 μνησθεὶς
1182 2138 1317 2174 πόλεως
1331 2137 1635 2183 παραδείγματος

148 2193 284 2237 ἕνεκεν,
311 2197 591 2231 πολλαπλάσιον
614 2196 725 2241 λόγον
749 2196 935 2231 ἀνάλωσεν
959 2197 1042 2242 περὶ
1067 2196 1268 2236 πολιτείας,
1302 2197 1363 2230 καὶ
1390 2195 1433 2229 οὐ
1457 2195 1635 2243 πρότερον

146 2254 320 2299 ἀπέκαμε
345 2257 432 2301 πρὶν
457 2257 478 2297 ἢ
502 2257 626 2293 πάσας
648 2255 853 2301 μεταβολὰς
869 2256 931 2288 καὶ
957 2255 1105 2288 ἅπαντα
1129 2257 1215 2298 γένη
1240 2256 1431 2287 πολιτειῶν
1455 2253 1632 2296 διεξῆλθε,

152 2311 251 2344 πάνυ
276 2311 433 2360 ἐναργῶς
458 2324 495 2347 τε
519 2314 580 2347 καὶ
603 2314 892 2360 μεγαλοπρεπῶς
921 2312 966 2347 τὰ
992 2314 1240 2360 ξυμβαίνοντα
1266 2314 1348 2360 περὶ
1372 2311 1526 2355 ἑκάστην
1549 2311 1629 2347 ἔπι-

148 2370 310 2410 damac·
337 2374 370 2405 εἴ
392 2374 454 2406 καὶ
480 2374 582 2419 παρά
606 2383 704 2407 τισιν
729 2375 852 2406 αἰτίαν
876 2372 950 2417 ἔχει
975 2374 1058 2417 περὶ
1083 2378 1151 2406 τοῦ
1172 2373 1310 2418 μήκους
1335 2378 1406 2405 τῶν
1429 2371 1548 2415 λόγων
1570 2373 1632 2404 καὶ

152 2434 213 2472 τῆς
237 2428 423 2477 διατριβῆς
448 2436 509 2474 τῆς
533 2433 616 2476 περὶ
640 2431 682 2465 τὸ
715 2430 956 2477 παράδειγμα
988 2430 1195 2474 δήπουθεν·
1230 2426 1310 2464 ἀλλ’
1340 2430 1386 2468 ὡς
1411 2428 1520 2463 οὐδὲν
1544 2431 1632 2463 ὄντα

151 2488 242 2534 πρὸς
266 2489 307 2522 τὸ
332 2491 572 2535 προκείμενον
596 2490 642 2523 τὰ
667 2492 836 2536 εἰρημένα
869 2492 931 2524 καὶ
957 2485 1041 2523 οὐδ’
1070 2490 1279 2523 ὁπωστιοῦν
1311 2490 1541 2535 σαφεστέρου
1573 2484 1629 2521 δι’

147 2546 246 2580 αὐτὰ
271 2552 338 2580 τοῦ
362 2547 582 2594 ζητουμένου
607 2549 816 2593 γεγονότος,
853 2542 966 2594 οὗπερ
990 2546 1106 2582 ἕνεκεν
1130 2547 1168 2587 ἐξ
1200 2548 1312 2593 ἀρχῆς
1343 2549 1393 2586 εἰς
1427 2547 1491 2580 τὸν
1522 2546 1633 2590 λόγον

152 2605 378 2652 παρελήφθη,
404 2604 469 2639 διὰ
495 2611 619 2647 ταῦτα,
646 2609 748 2654 εἴπερ
773 2609 853 2651 ἄρα,
882 2607 925 2641 οὗ
949 2607 1189 2641 παντάπασιν
1214 2605 1348 2644 ἀδίκως
1371 2605 1574 2639 εὐθύνεται.

244 2663 281 2705 2)
298 2659 440 2709 “Ὠσπερ
459 2663 667 2708 δαιτυμόνα
692 2665 774 2698 τινὰ
792 2667 853 2699 καὶ
869 2666 1050 2712 μέλλοντα
1071 2663 1310 2698 ἑστιάσεσθαι
1335 2690 1342 2696 .
1357 2690 1364 2696 .
1379 2690 1386 2696 .
1411 2662 1517 2696 etiam
1530 2661 1631 2696 Plato

147 2720 215 2755 hoc
237 2720 311 2755 loco
336 2720 378 2754 de
401 2721 540 2765 pastore
563 2720 729 2766 loquitur,
755 2723 796 2755 ut
820 2721 957 2767 saepius
981 2721 1024 2756 cf.
1049 2721 1164 2755 Minos
1188 2721 1255 2755 321
1271 2719 1307 2755 C.

243 2779 281 2822 3)
305 2779 435 2813 Dubito
456 2789 540 2813 num
564 2781 658 2813 recte
682 2779 726 2813 ad
749 2780 769 2823 ἓ
787 2779 834 2814 25
852 2779 1032 2814 Morellius
1055 2779 1092 2813 in
1117 2779 1246 2813 scholio
1270 2779 1450 2813 rettulerit
1473 2778 1632 2813 Platonis
