1772 2936
849 71 903 109 24

131 195 243 237 terea
272 206 367 236 cum
389 193 533 236 Dionis
552 205 609 236 or.
631 194 705 243 111,
739 199 808 237 52.
850 194 894 236 in
914 195 994 237 fine
1015 194 1197 238 eiusdem
1228 194 1422 238 orationis
1451 193 1626 248 scriptor

127 257 269 318 'posuit
299 263 531 318 exemplum
562 265 792 316 nautarum,
825 264 932 319 quod
962 277 1093 319 saepev
1110 264 1328 308 invenitur.
1380 263 1483 308 dicit
1511 263 1622 307 enim

132 334 373 389 navigantes
403 335 551 377 nautae
582 335 873 389 obtemperare,
904 347 998 378 cum
1028 335 1257 390 periculum
1289 335 1521 386 immineat,
1560 347 1623 377 se-

131 417 247 447 curos
275 406 414 447 autem
444 405 666 458 superbire.
726 405 846 458 plane
876 405 985 446 idem
1025 406 1137 459 legas
1175 406 1281 459 apud
1311 406 1622 459 Xenophontem

129 474 306 529 Apomn.
332 475 408 526 111,
441 481 480 526 5,
514 481 553 518 6.
615 475 658 517 in
691 475 871 518 oratione
902 475 1098 526 XXXIV,
1129 476 1232 531 quod
1267 475 1343 518 Dio
1374 475 1398 530 ξ
1429 480 1481 517 42
1517 473 1622 517 dicit

133 558 226 588 eum
258 546 330 600 qui
367 546 455 589 sine
494 545 667 588 selentia
704 545 998 599 rempublicam
1039 558 1241 598 capessere
1280 546 1402 596 velit,
1441 545 1621 587 similem

131 627 218 658 esse
248 615 308 667 ei,
355 615 427 670 qui
458 615 608 658 medici
638 616 768 658 artem
799 614 987 657 indoctus
1017 615 1174 658 imitari
1215 617 1405 665 conetur,
1446 615 1619 658 conferri

130 687 266 740 potest
294 687 470 739 Apomn.
493 686 567 735 III,
601 691 640 735 6,
675 691 742 734 16,
774 697 854 738 quo
884 686 971 727 loco
1003 685 1184 727 Socrates
1214 698 1307 727 cum
1339 685 1543 728 Glaucone
1573 686 1622 727 de

132 755 271 800 eadem
303 768 347 798 re
377 754 643 810 colloquitur,
684 756 726 797 et
756 754 933 809 Apomn.
964 756 1007 806 Ι,
1051 763 1073 799 7
1089 788 1100 806 ,
1139 755 1223 798 iam
1262 756 1622 809 commemoratum

131 826 181 869 ad
212 827 436 869 orationem
469 825 681 876 decimam,
712 825 816 868 item
847 825 994 868 Oecon.
1026 826 1058 868 I.
1104 825 1328 868 familiares
1357 824 1547 868 videntur
1577 824 1622 867 hi

132 897 212 940 loci
244 896 367 938 Dioni
406 896 550 945 fuisse,
597 908 691 937 nam
731 909 859 949 neque
891 897 1006 946 LIII,
1050 903 1074 939 3
1125 909 1255 949 neque
1285 896 1532 945 XXXVIII,
1565 901 1622 938 28

130 966 256 1010 alieni
287 966 385 1009 sunt
414 965 464 1008 ab
505 965 582 1007 hac
621 965 835 1008 sententia.
897 978 997 1020 quae
1037 965 1080 1008 in
1122 959 1300 1008 oratione
1331 965 1513 1008 XXXIX
1546 964 1626 1007 Dio

68 1077 71 1080 .
132 1037 180 1079 de
212 1036 428 1079 civitatum
467 1035 680 1078 concordia
720 1036 824 1078 dicit
862 1036 929 1090 (cf.
961 1037 985 1090 ἓ
1018 1038 1177 1091 3sqq.),
1217 1036 1410 1078 similiter
1448 1035 1621 1078 Dionem

131 1108 215 1150 iam
245 1107 294 1150 de
324 1106 510 1150 amicitia
540 1118 736 1161 exponere
767 1107 958 1159 vidimus,
989 1106 1040 1150 cf.
1072 1119 1128 1150 or.
1145 1107 1178 1158 Ι,
1212 1113 1263 1151 31
1277 1120 1334 1162 sq.
1369 1109 1410 1150 et
1440 1119 1540 1162 quae
1570 1105 1620 1149 ad

131 1177 252 1221 illum
295 1179 429 1220 locum
470 1177 595 1219 attuli
635 1190 674 1231 p.
708 1183 747 1219 6.
809 1180 988 1220 ceterum
1027 1177 1077 1220 ad
1108 1178 1261 1220 civium
1292 1176 1545 1219 concordiam
1577 1176 1621 1217 in

132 1248 367 1291 universum
390 1248 489 1290 licet
509 1260 713 1301 compares
734 1261 827 1290 cum
850 1248 979 1290 Dione
996 1249 1170 1302 Apomn.
1192 1249 1264 1299 IV,
1296 1254 1336 1296 4,
1372 1253 1438 1289 16.
1481 1247 1620 1289 eadem

132 1330 197 1360 res
228 1319 290 1360 est
320 1317 369 1359 de
400 1329 456 1359 or.
487 1318 605 1368 XLI,
649 1323 702 1360 13
715 1330 794 1371 sq.,
832 1330 1003 1371 quocum
1044 1318 1130 1360 loco
1167 1323 1326 1372 praeter
1364 1318 1472 1359 locos
1503 1316 1622 1358 modo

134 1389 471 1431 commemoratos
501 1388 675 1429 conferri
702 1389 837 1440 potest
857 1400 911 1429 or.
935 1388 1007 1436 III,
1041 1394 1122 1430 102
1135 1401 1192 1441 sq.
1225 1391 1285 1439 (et
1315 1400 1417 1440 quae
1447 1388 1496 1428 ad
1528 1400 1621 1428 eum

132 1457 217 1500 dixi
257 1469 296 1512 p.
331 1456 418 1513 14).
479 1456 608 1500 oratio
638 1456 798 1507 XLIII,
839 1456 906 1499 cui
946 1456 1184 1501 inscribitur
1222 1456 1450 1508 πολιτικὸς
1491 1453 1534 1500 ἐν
1564 1455 1619 1515 τῇ

132 1526 318 1584 πατρίδι
338 1530 384 1582 ¹),
417 1529 526 1569 certe
553 1527 681 1568 oratio
702 1527 868 1568 omnino
889 1527 1002 1569 nulla
1022 1530 1095 1577 est,
1128 1528 1196 1569 sed
1227 1528 1361 1581 qualis
1390 1528 1507 1570 nobis
1537 1531 1621 1570 tra-

132 1598 217 1642 dita
232 1601 306 1649 est,
321 1599 574 1653 prooemium
592 1598 785 1640 orationis
801 1598 1009 1640 cuiusdam
1021 1612 1104 1641 esse
1120 1601 1265 1652 potest.
1298 1612 1391 1641 nam
1408 1601 1619 1653 postquam

133 1669 210 1711 Dio
230 1681 272 1710 se
303 1681 395 1711 cum
429 1668 593 1710 Socrate
624 1669 885 1722 comparavit,
917 1669 1120 1722 §8—12‚
1151 1669 1307 1723 pergit:
1339 1670 1450 1725 πρὸς
1479 1676 1620 1712 ταῦτα

133 1738 477 1797 ἀπολογήσωμαι
508 1739 601 1781 κτλ.
663 1739 731 1781 sed
763 1739 942 1781 defensio
973 1739 1097 1782 deest.
1149 1752 1251 1793 quae
1286 1740 1361 1782 Dio
1392 1740 1416 1794 ἓ
1448 1745 1541 1795 Ssq.
1572 1740 1620 1782 de

132 1809 295 1852 Socrate
325 1811 474 1860 narrat,
505 1809 644 1851 hausit
674 1821 695 1851 e
716 1809 986 1863 Xenophonte
1018 1811 1060 1852 et
1081 1810 1263 1852 Platone.
1310 1823 1356 1853 ac
1376 1810 1425 1852 de
1442 1810 1620 1853 Socratis

131 1880 311 1931 audacia,
342 1893 423 1934 qua
452 1881 592 1923 contra
624 1880 795 1933 triginta
826 1883 1015 1934 tyrannos
1036 1894 1132 1923 usus
1162 1882 1235 1931 est,
1267 1882 1317 1923 cf.
1351 1881 1524 1935 Apomn.
1546 1881 1620 1932 IV,

131 1956 183 2001 4,
222 1957 261 1992 2.
322 1950 425 1992 item
465 1962 487 1992 e
528 1949 864 1992 Memorabilibus
909 1951 1101 1993 haustum
1142 1953 1204 1993 est
1241 1963 1476 2005 responsum
1515 1951 1620 1993 illud

131 2019 318 2071 Socratis,
349 2032 428 2075 quo
447 2022 640 2075 tyrannos
660 2033 752 2062 cum
775 2020 895 2062 malis
914 2021 1142 2074 pastoribus
1162 2023 1379 2074 comparat,
1411 2021 1479 2076 qui
1501 2021 1622 2064 boves

132 2091 284 2133 multos
314 2093 357 2133 et
386 2090 576 2144 pulchros
595 2102 742 2143 paucos
763 2093 804 2132 et
828 2093 967 2144 turpes
988 2091 1162 2133 reddunt
1181 2091 1372 2144 (Apomn.
1396 2092 1426 2141 Ι,
1461 2097 1499 2141 2,
1534 2092 1616 2142 32).

131 2163 239 2204 certe
255 2161 381 2204 etiam
397 2160 695 2203 accusationem
717 2173 765 2202 ex
782 2160 921 2203 eodem
944 2161 1054 2204 fonte
1070 2161 1209 2204 hausit
1224 2161 1398 2215 Apomn.
1418 2161 1448 2212 I,
1468 2167 1506 2213 1,
1527 2167 1547 2204 1
1570 2161 1619 2217 2).

131 2233 270 2282 restat,
301 2233 350 2275 ut
380 2231 429 2274 de
459 2231 582 2274 initio
613 2244 669 2274 or.
700 2232 755 2274 IL
786 2231 934 2283 dicam,
975 2232 1079 2287 quod
1109 2245 1353 2288 quamquam
1392 2245 1471 2275 non
1501 2233 1623 2287 plane

131 2302 271 2344 eadem
302 2301 507 2345 sententia
537 2301 662 2353 inest,
695 2304 833 2344 tamen
865 2303 1178 2357 comparandum
1212 2304 1314 2345 mihi
1344 2303 1505 2346 videtur
1536 2316 1621 2345 esse

132 2385 226 2416 cum
255 2372 395 2427 Cyrop.
417 2373 451 2422 Ι,
486 2379 524 2423 1,
561 2378 686 2416 1-3.
738 2385 800 2415 res
830 2373 1093 2415 verisimilior
1123 2386 1169 2415 eo
1200 2373 1259 2424 fit,
1291 2374 1397 2427 quod
1428 2375 1503 2416 hoc
1532 2374 1622 2417 loco

133 2443 307 2485 Dionem
339 2443 402 2485 uti
434 2443 518 2485 iam
549 2444 671 2485 antea
701 2442 877 2485 vidimus
908 2456 965 2487 or.
995 2444 1028 2495 Ι,
1065 2449 1249 2487 18-20.

228 2618 263 2660 1)
288 2616 525 2664 Complurium
551 2618 747 2654 orationum
773 2618 897 2654 titulos
928 2618 1064 2665 ineptos
1089 2630 1164 2654 esse
1188 2619 1287 2654 facile
1310 2619 1467 2664 intellegi
1492 2620 1622 2665 potest.

130 2676 208 2711 vide
233 2676 339 2711 etiam
364 2687 452 2723 quae
477 2677 519 2712 de
537 2676 659 2712 Arnim
684 2677 720 2712 in
739 2677 888 2713 Hermae
913 2678 979 2713 vol.
998 2678 1125 2722 XXVI,
1149 2690 1183 2725 p.
1208 2679 1279 2715 368
1304 2679 1400 2714 dicit.

226 2736 263 2779 2)
287 2735 354 2771 Sed
379 2747 550 2783 compara,
576 2747 663 2783 quae
688 2736 730 2771 de
755 2737 907 2773 Socratis
930 2737 1023 2772 vitae
1047 2737 1142 2773 fonte
1167 2738 1257 2773 infra
1281 2737 1362 2772 dixi.
