1772 2936
836 57 890 96 53

126 181 331 224 Ciceronis
368 181 479 223 locus
519 179 694 228 deesset,
736 178 1010 222 dubitaremus
1049 191 1138 221 eam
1176 183 1261 221 rem
1301 180 1351 222 ad
1382 180 1604 234 Diogenem

125 252 259 305 ipsum
291 251 459 299 referre,
491 261 584 290 nam
615 260 746 301 neque
776 261 869 290 cum
901 250 1112 290 Persarum
1153 261 1245 302 rege
1277 249 1489 303 quisquam
1530 250 1606 292 hoc

125 321 243 364 modo
288 333 378 363 vere
423 332 465 361 se
511 330 739 372 comparare
789 320 947 371 poterat
996 319 1076 360 nisi
1125 321 1219 360 ante
1266 319 1485 361 Alexandri
1531 333 1602 361 ex-

123 391 391 445 peditionem,
440 391 481 430 et
526 388 606 430 iam
649 388 754 441 apud
794 388 996 430 Socratem
1037 391 1079 430 et
1119 389 1341 431 Socraticos
1385 390 1453 443 (cf.
1494 390 1601 432 Plat.

123 461 246 515 Gorg.
280 461 384 513 470)
414 461 599 500 tenemus
627 457 846 510 primordia
876 458 972 499 talis
1002 458 1323 511 comparationis,
1355 471 1475 512 quam
1508 459 1601 501 inde

122 532 174 573 ab
201 528 446 572 Antisthene
477 540 500 569 a
521 526 680 582 Cynicis
713 527 885 569 maxime
917 528 1116 570 excultam
1148 531 1190 570 et
1220 529 1360 570 tritam
1392 542 1476 572 esse
1506 542 1601 572 con-

121 602 359 642 sentaneum
390 600 463 639 est.

210 670 234 722 §
274 675 298 711 8
341 681 432 710 cum
472 667 802 709 antecedentibus
847 669 1056 710 cohaerere
1101 670 1222 722 negat
1262 668 1412 711 Weber
1449 682 1486 723 p.
1531 676 1599 712 97.

122 739 246 780 etiam
268 751 340 792 ego
357 738 452 779 olim
477 737 738 787 haesitabam,
760 737 828 779 sed
850 750 956 779 nunc
977 740 1084 780 recte
1103 739 1238 779 omnia
1258 738 1467 790 procedere
1487 741 1597 792 puto,

120 810 145 863 ξ
178 815 201 851 7
234 808 354 850 dicit:
385 815 470 849 τῶν
498 805 576 859 μὲν
607 808 685 863 γὰρ
707 806 828 850 οὐδὲν
844 805 996 865 ὄφελος
1017 802 1136 860 εἶναι,
1167 808 1222 849 τὰ
1243 806 1291 850 δὲ
1320 807 1395 850 καὶ
1425 808 1596 865 σφόδρα

121 877 300 935 πένησιν
330 876 487 928 ἐξεῖναι
518 880 670 919 ποιεῖν,
721 877 905 930 sequenti
938 879 1050 930 parte
1080 879 1214 919 autem
1243 877 1318 919 Dio
1349 878 1599 920 demonstrat

122 948 343 1003 Diogenem
361 960 407 989 ea
423 960 444 988 e
466 946 550 988 vita
570 959 641 989 sua
661 947 882 997 sustulisse,
899 960 1000 1000 quae
1017 947 1193 989 utilitati
1210 960 1287 989 non
1305 950 1449 998 essent,
1478 961 1596 991 usum

118 1020 258 1062 autem
289 1031 373 1061 esse
404 1017 490 1060 sine
518 1018 682 1071 sumptu
703 1017 888 1060 omnibus
907 1018 1025 1061 rebus
1045 1031 1134 1061 vere
1152 1018 1349 1062 iucundis,
1398 1031 1520 1071 quam
1546 1018 1594 1061 ad

121 1091 275 1142 partem
307 1087 556 1129 scribendam
589 1100 638 1128 ne
668 1089 858 1141 putemus
880 1088 1051 1129 Dionem
1082 1087 1272 1129 continua
1295 1088 1486 1142 Diogenis
1511 1088 1597 1130 dia-

120 1158 228 1200 triba
253 1170 369 1200 usum
393 1170 489 1207 esse,
521 1157 704 1210 impedit,
736 1157 840 1210 quod
864 1158 938 1199 Dio
960 1157 1077 1199 modo
1098 1158 1246 1207 narrat,
1277 1170 1377 1211 quae
1398 1158 1598 1212 Diogenes

117 1228 284 1277 fecerit,
326 1227 442 1269 modo
483 1227 589 1268 dicta
630 1227 716 1268 eius
753 1227 878 1269 affert.
929 1227 1080 1279 inspice
1126 1227 1299 1268 maxime
1338 1227 1362 1280 ἓ
1397 1232 1595 1269 13-15,

119 1297 193 1338 hoc
223 1297 309 1338 loco
343 1297 418 1337 Dio
449 1296 654 1348 complura
689 1297 1029 1349 apophthegmata
1060 1296 1201 1337 Dionis
1232 1298 1452 1345 enumerat,
1483 1297 1507 1349 ᾖ
1542 1293 1593 1338 1'3

117 1365 167 1409 de
198 1366 291 1409 vino
330 1365 552 1422 (κατεγέλα
585 1400 594 1409 .
613 1400 623 1409 .
642 1400 651 1409 .
683 1364 892 1423 τρέφειν),
939 1366 963 1420 ξ
996 1372 1049 1409 14
1090 1367 1138 1408 de
1185 1365 1390 1409 domicilio
1436 1363 1596 1418 (οἰκίας

116 1435 166 1477 δὲ
292 1434 399 1488 ἔχειν
429 1468 439 1477 .
457 1468 466 1477 .
485 1468 494 1477 .
527 1436 767 1491 γυμνάσια),
798 1436 822 1489 ἓ
846 1442 897 1478 15
931 1436 978 1476 de
1008 1435 1176 1489 pedibus
1206 1434 1272 1489 (οὐ
1302 1437 1381 1491 γὰρ
1412 1432 1494 1493 ἔφη
1526 1467 1536 1477 .
1554 1467 1564 1478 .
1582 1467 1593 1477 .

117 1505 288 1560 πόδας),
321 1507 368 1548 de
396 1508 606 1549 hominum
629 1506 803 1549 divitum
824 1507 950 1549 stulta
969 1506 1129 1548 luxuria
1148 1503 1250 1562 (ἔφη
1271 1505 1319 1548 δὲ
1349 1539 1359 1547 .
1377 1539 1386 1548 .
1405 1539 1414 1548 .
1446 1521 1593 1563 σπαρ-

114 1574 279 1629 γάνων).
321 1578 452 1617 cetera
492 1579 628 1618 autem
659 1576 745 1618 eius
775 1576 901 1629 partis
931 1576 1141 1618 continent
1171 1588 1228 1625 ea,
1260 1587 1359 1630 quae
1392 1575 1593 1630 Diogenes

115 1645 226 1693 fecit,
257 1646 281 1698 ἓ
313 1652 454 1688 8—12
489 1647 683 1699 (exceptis
712 1646 878 1687 fortasse
909 1645 973 1686 his
1003 1646 1101 1698 §12
1135 1645 1286 1686 verbis:
1318 1644 1393 1686 καὶ
1424 1644 1590 1698 ἐνόμιζε

112 1720 239 1756 τοῦτο
271 1711 533 1757 ἱκανώτατον
563 1714 638 1757 καὶ
668 1715 926 1771 δριμύτατον
957 1723 1042 1756 τῶν
1072 1711 1224 1769 ὄψων),
1256 1715 1278 1768 ξ
1315 1720 1388 1757 14:
1421 1712 1592 1768 ἱμάτιον

114 1782 164 1826 δὲ
193 1780 236 1825 ἓν
266 1783 431 1840 ἐξήρκει
462 1785 551 1827 κτλ.
603 1786 627 1839 ἓ
661 1792 736 1828 15:
778 1785 876 1835 τοὺς
906 1783 954 1826 δὲ
984 1783 1126 1834 πόδας
1165 1783 1370 1826 οὐδέποτε
1400 1781 1589 1827 ἔσκεπεν.

114 1853 225 1895 vides
255 1854 383 1908 igitur
413 1855 584 1897 Dionem
618 1856 810 1910 Diogenis
845 1856 952 1897 facta
982 1858 1024 1896 et
1054 1855 1163 1896 dicta
1192 1855 1415 1908 promiscue
1446 1858 1589 1897 contu-

113 1924 219 1972 lisse,
251 1926 298 1965 ut
327 1925 521 1977 sapientis
553 1926 680 1967 vitam
712 1925 946 1967 illustraret.
1000 1924 1170 1966 Dionem
1202 1925 1334 1978 ipsum
1365 1925 1468 1966 hanc
1497 1937 1590 1979 par-

110 1995 197 2035 tem
224 1994 442 2036 elaborasse
464 1996 588 2037 etiam
611 2008 656 2037 eo
686 1996 935 2048 probabilius
966 1995 1023 2045 fit,
1057 1995 1158 2048 quod
1190 2007 1308 2047 supra
1338 1995 1590 2037 ostendimus

110 2075 203 2104 eum
237 2063 378 2105 multis
407 2064 506 2106 locis
536 2067 672 2118 ape-rte
693 2077 785 2107 eum
807 2065 1072 2118 Xenophonte
1092 2064 1327 2106 consentire.
1379 2076 1472 2106 nam
1493 2076 1585 2107 cum

114 2132 311 2185 Diogenes
342 2134 425 2185 ipse
456 2134 662 2176 Socratem
690 2122 851 2176 'imitari
881 2135 945 2176 vel
985 2134 1120 2187 potius
1160 2146 1343 2186 superare
1383 2134 1587 2183 voluisset,

110 2201 170 2243 ita
216 2204 261 2243 ut
292 2202 409 2244 Plato
455 2216 547 2245 eum
588 2204 792 2246 Socratem
838 2204 1104 2246 insanientem
1146 2203 1370 2245 nominasse
1416 2203 1587 2253 dicatur,

111 2272 189 2311 Dio
221 2273 328 2312 certe
359 2272 564 2314 intellexit
593 2274 745 2315 multas
774 2273 1066 2314 similitudines
1106 2273 1170 2313 his
1209 2273 1363 2313 duobus
1392 2273 1587 2326 sapienti-

111 2340 185 2383 bus
214 2340 355 2391 inesse,
387 2354 485 2396 quos
514 2343 601 2396 pari
622 2344 704 2385 fere
727 2343 860 2386 studio
882 2344 1110 2385 sectabatur
1130 2342 1197 2396 (cf.
1217 2355 1249 2384 e.
1268 2355 1332 2396 gr.-
1343 2354 1399 2384 or.
1417 2343 1588 2392 LXXII,

108 2411 133 2463 ἓ
157 2417 205 2451 11
241 2413 283 2451 et
306 2414 389 2461 16).
453 2412 591 2465 itaque
621 2413 741 2455 facile
770 2413 859 2454 fieri
888 2414 1034 2466 potuit,
1066 2414 1112 2454 ut
1141 2425 1232 2453 cum
1261 2412 1429 2453 alterius
1459 2413 1587 2454 vitam

109 2479 372 2530 describeret,
403 2482 583 2533 alterius,
614 2483 776 2536 qualem
808 2496 829 2525 e
860 2483 1124 2536 Xenophonte
1156 2482 1255 2523 bene
1287 2483 1464 2533 noverat,
1495 2494 1588 2536 pas-

108 2550 185 2592 sim
217 2550 553 2595 reminisceretur.

197 2621 257 2662 De
286 2621 565 2673 sequentibus,
597 2623 621 2676 ξ
655 2629 848 2673 16-20,
879 2622 1084 2665 difficilior
1123 2623 1184 2663 est
1222 2622 1424 2675 quaestio,
1465 2634 1586 2676 quam

107 2692 156 2733 ut
186 2690 382 2732 iudicium
414 2690 461 2732 de
493 2703 539 2733 ea
574 2692 748 2744 proferre
788 2693 970 2735 audeam.
1031 2693 1199 2733 Ernesto
1232 2691 1378 2733 Weber
1417 2691 1585 2744 quidem
