1772 2936
867 91 918 127 51

157 223 344 268 29—41,
375 216 477 259 alter
507 226 601 256 cum
633 212 786 266 Hippia
816 212 991 263 habitus,
1022 225 1099 266 quo
1130 213 1312 255 Socrates
1343 213 1532 261 ostendit,
1563 225 1636 254 cur

156 298 314 340 semper
344 285 391 327 de
421 283 566 325 iisdem
598 281 717 323 rebus
754 280 893 323 eadem
931 282 1130 336 loquatur.
1190 282 1289 323 haec
1318 280 1416 336 quin
1447 294 1468 323 e
1498 282 1634 323 Xeno-

157 357 306 410 phonte
327 355 413 407 ipso
434 354 625 404 (Apomn.
646 350 716 392 IV.
739 353 783 404 4)
809 351 952 392 hausta
982 351 1077 400 sint,
1109 363 1227 392 nemo
1259 350 1485 399 dubitabit:
1516 350 1632 392 illam

157 426 313 478 partem
344 423 437 463 ante
468 421 512 462 Ε.
546 419 695 460 Weber
726 419 767 460 ni
798 419 915 460 fallor
945 432 1104 469 omnes,
1141 421 1189 461 ut
1219 421 1530 461 consentaneum
1561 422 1634 468 est,

156 494 207 536 ad
238 491 421 535 Platonis
451 488 643 543 Gorgiam
674 502 712 542 p.
746 494 831 531 470
862 488 992 531 redire
1023 492 1274 531 censuerunt.
1319 489 1427 531 hunc
1457 489 1636 531 nobilem

157 562 330 616 Gorgiae
361 561 495 601 locum
525 558 718 600 Stobaeus
748 558 958 611 exscripsit
997 558 1095 613 (IV,
1140 565 1189 600 17
1223 558 1465 609 MeinekeN
1497 558 1635 600 Cicero

160 631 283 673 vertit
312 629 473 671 Tuscul.
507 628 556 677 V,
591 633 657 677 12,
691 633 759 676 34,
790 629 948 680 praeter
969 628 1140 670 Dionem
1172 628 1297 669 etiam
1317 628 1568 669 Themistius
1589 641 1635 670 eo

158 712 252 741 usus
287 703 348 739 est
383 697 426 738 in
468 709 521 739 or.
585 696 686 752 περὶ
721 696 870 753 ἀρετῆς
913 702 966 739 34
1008 697 1133 750 (MuS.
1175 697 1304 740 Rhen.
1343 697 1421 739 vol.
1460 697 1633 747 XXVII,

157 783 196 823 p.
229 770 345 821 451).
397 780 517 821 quem
548 767 681 808 locum
713 768 758 810 E.
791 767 938 809 Weber
969 766 1019 808 ad
1048 767 1294 820 probandam
1325 779 1441 808 suam
1471 769 1633 824 senten-

159 839 261 880 tiam
293 837 482 879 adhibuit
511 837 615 878 hanc
647 836 790 878 Dionis
818 838 975 889 partem
1007 836 1189 890 cynicam
1222 848 1316 878 esse.
1360 836 1633 878 Themistium

159 909 268 950 enim
299 907 341 948 in
363 906 540 948 oratione
561 906 687 948 citata
703 905 833 948 multa
854 919 944 948 vere
961 906 1101 960 cynica
1116 906 1291 959 proferre
1314 906 1395 948 iam
1413 906 1635 948 Buecheler

158 977 262 1018 dixit
293 976 335 1017 in
368 976 472 1017 Mus.
497 976 626 1018 Rhen.
683 966 848 1017 ⁴rectene
880 976 1076 1029 igitur-E.
1101 976 1250 1017 Weber
1280 976 1434 1029 exhac
1465 988 1507 1017 re
1539 987 1636 1017 con-

158 1046 288 1088 cludit
318 1045 441 1087 etiam
475 1046 646 1087 Dionem
677 1045 829 1099 cynicis
858 1045 1038 1086 fontibus
1070 1045 1151 1094 uti,
1191 1046 1380 1098 quoniam
1422 1045 1531 1086 idem
1562 1044 1634 1086 So·

158 1115 281 1157 cratis
311 1114 467 1156 dictum
497 1115 602 1167 apud
633 1115 848 1168 utrumque
879 1116 970 1156 est?
1030 1126 1076 1155 ac
1115 1113 1292 1167 primum
1333 1113 1495 1168 quidem
1527 1114 1634 1156 The-

160 1185 333 1233 mistius,
364 1197 607 1238 quamquam
639 1185 681 1226 in
703 1185 934 1226 universum
965 1185 1191 1226 accuratius
1221 1184 1351 1225 fontes
1380 1184 1491 1238 sequi
1522 1184 1633 1226 vide-

158 1257 246 1303 tur,
293 1267 411 1307 quam
447 1254 543 1304 Dio,
592 1257 725 1303 tamen
769 1255 887 1296 homo
918 1266 996 1295 non
1036 1253 1221 1295 indoctus
1261 1255 1340 1303 est,
1388 1253 1447 1295 ita
1477 1255 1524 1295 ut
1555 1266 1635 1295 non

160 1324 283 1364 liceat
313 1336 360 1364 ex
389 1336 469 1364 uno
502 1325 563 1364 vel
595 1323 748 1364 duobus
778 1323 877 1364 locis
908 1323 1029 1364 etiam
1064 1322 1112 1363 de
1133 1324 1218 1363 tota
1233 1322 1504 1375 disputatione
1524 1323 1633 1364 idem

161 1392 354 1433 iudicium
386 1393 499 1434 ferre.
562 1393 716 1433 accedit
746 1392 881 1442 aliud,
913 1392 1016 1444 quod
1048 1393 1262 1433 Ernestum
1294 1392 1444 1433 Weber
1474 1404 1524 1433 ne
1555 1404 1634 1433 uno

158 1461 319 1515 quidem
353 1462 472 1503 verbo
502 1461 686 1515 tetigisse
718 1461 854 1502 miror.
895 1461 979 1514 ipse
1019 1460 1126 1502 enim
1159 1473 1199 1513 p.
1233 1466 1315 1502 248
1337 1461 1356 1485 ⁴
1395 1460 1497 1502 dicit
1526 1461 1633 1503 The-

159 1530 345 1573 mistium
376 1531 531 1584 saepius
565 1531 703 1573 Dionis
740 1530 986 1573 orationibus
1025 1543 1141 1572 usum
1181 1543 1286 1580 esse,
1327 1530 1529 1583 imprimis
1567 1530 1633 1580 iis,

157 1612 258 1653 quae
289 1600 336 1641 de
374 1613 496 1654 regno
536 1603 650 1650 sunt,
696 1612 793 1654 quas
830 1600 880 1641 ad
920 1612 974 1642 or.
1007 1600 1048 1648 Ι,
1082 1600 1140 1647 11,
1172 1599 1250 1641 XV
1295 1599 1523 1641 scribendas
1561 1599 1632 1641 ad-

160 1670 296 1711 hibuit
315 1672 359 1723 ¹).
422 1670 559 1723 itaque
590 1682 683 1712 cum
721 1673 871 1723 quanta
910 1669 1157 1711 necessitudo
1195 1669 1358 1711 intersit
1389 1669 1495 1711 inter
1525 1669 1633 1711 The-

161 1739 290 1780 mistii
321 1742 362 1780 et
385 1741 524 1781 Dionis
544 1741 650 1781 locos
676 1740 719 1780 Ε.
743 1739 890 1781 Weber
911 1739 1009 1780 satis
1029 1740 1211 1780 accurate
1231 1738 1450 1780 ostenderit
1471 1751 1508 1792 p.
1534 1744 1633 1789 233,

159 1808 346 1861 equidem
378 1822 454 1850 non
487 1810 640 1859 dubito,
671 1810 767 1863 quin
789 1809 1038 1851 Themistius
1068 1809 1206 1857 Dione,
1239 1809 1315 1850 Dio
1347 1808 1516 1851 Platone
1546 1809 1634 1862 ipso

160 1891 254 1919 usus
284 1878 338 1919 sit
356 1879 402 1932 ²).

255 2029 291 2069 1)
314 2027 428 2062 Etiam
450 2029 484 2063 in
506 2033 586 2076 περὶ
607 2032 730 2077 ἀρετῆς
750 2031 902 2065 oratione
915 2030 1126 2064 Themistius
1151 2029 1228 2074 plus
1254 2040 1320 2062 uno
1340 2029 1413 2063 loco
1431 2040 1507 2062 cum
1523 2029 1632 2063 Dione

158 2086 340 2119 consentit.

253 2144 289 2185 2)
313 2143 459 2178 Omnino
471 2144 614 2178 Dionem
640 2145 674 2179 in
692 2145 843 2179 Socratis
863 2146 944 2187 vita,
970 2145 1132 2187 moribus,
1157 2144 1373 2189 philosophia
1397 2144 1633 2179 adumbranda

158 2201 286 2244 cynicis
310 2201 462 2235 fontibus
486 2213 586 2236 usum
611 2214 685 2237 esse
710 2203 867 2248 equidem
892 2214 959 2237 non
984 2203 1093 2237 credo.
1144 2203 1290 2247 plurima
1314 2213 1450 2242 eorum,
1476 2213 1564 2246 quae
1589 2203 1632 2236 de

160 2258 298 2293 Socrate
329 2262 466 2301 narrat,
496 2259 716 2305 Xenophonti
750 2264 787 2295 et
819 2261 975 2303 Platoni,
1009 2261 1154 2295 fortasse
1187 2260 1292 2294 etiam
1317 2260 1477 2294 Aeschini
1511 2260 1634 2294 debere

159 2316 305 2351 videtur.
355 2317 414 2351 sed
439 2328 507 2351 non
531 2318 662 2361 omnia,
688 2330 774 2364 quae
799 2321 929 2362 narrat,
954 2319 998 2352 ad
1023 2320 1154 2353 veteres
1177 2317 1367 2352 Socraticos
1392 2318 1502 2352 redire
1520 2318 1634 2353 viden·

160 2377 229 2409 tur.
278 2374 435 2410 Socrates
470 2375 601 2411 iuvenis
634 2377 746 2422 patris
779 2379 889 2412 artem
924 2377 1046 2411 didicit
1078 2376 1156 2419 (Dio
1182 2387 1230 2410 or.
1255 2376 1330 2416 LV,
1357 2377 1412 2418 2),
1441 2376 1533 2410 idem
1558 2388 1635 2410 nar-

161 2435 216 2467 rat
238 2433 338 2477 Diog.
364 2434 421 2467 La.
447 2434 493 2476 ΙΙ,
524 2435 581 2477 19;
616 2437 692 2469 tum
717 2436 878 2470 Archelai
911 2435 1086 2480 sophistae
1118 2435 1251 2469 scholas
1283 2434 1372 2468 adiit
1394 2434 1477 2476 (LV,
1503 2435 1559 2476 3),
1591 2435 1632 2469 cf.

160 2491 259 2534 Diog.
284 2491 342 2525 La.
368 2491 483 2525 eodem
508 2492 598 2535 loco;
631 2493 674 2527 ab
699 2493 866 2527 Archelao
891 2504 970 2537 rege
995 2492 1164 2527 invitatur
1187 2491 1297 2534 (XIII,
1323 2493 1393 2534 30),
1418 2492 1509 2526 idem
1532 2492 1634 2536 Diog.

160 2550 217 2584 La.
242 2549 288 2592 11,
312 2549 368 2583 25.
405 2549 570 2592 hymnum
593 2550 627 2584 in
653 2551 847 2596 Apollinem
871 2554 908 2585 et
933 2551 1077 2584 Dianam
1102 2550 1183 2584 fecit
1205 2549 1344 2592 (XLIII,
1372 2550 1441 2591 10),
1466 2549 1507 2583 cf.
1533 2550 1633 2593 Diog.

160 2607 205 2650 11,
230 2607 286 2641 42.
324 2606 448 2651 quibus
473 2617 491 2640 e
515 2606 598 2641 locis
623 2608 893 2643 concludendum
917 2619 991 2642 esse
1016 2610 1101 2652 puto
1114 2607 1257 2641 Dionem
1282 2607 1326 2641 ad
1351 2607 1503 2641 Socratis
1529 2608 1632 2641 vitam

160 2664 426 2709 cognoscendam
452 2667 532 2707 βίον
550 2666 720 2709 quendam
740 2669 953 2712 Σωκράτους
977 2665 1178 2705 adhibuisse,
1200 2665 1346 2699 similem
1370 2665 1412 2708 ei,
1438 2676 1505 2710 quo
1529 2665 1637 2699 etiam

159 2723 329 2768 Diogenes
352 2721 511 2757 Laertius
535 2733 618 2757 usus
643 2725 708 2758 est.

1301 2781 1352 2812 4*
