1772 2936
854 79 907 115 29

133 200 392 257 depingendo
413 202 490 245 Dio
511 215 591 245 non
612 201 748 244 minus
778 201 846 244 hic
870 213 992 256 quam
1022 200 1066 243 in
1096 201 1228 256 prima
1258 200 1437 243 oratione
1466 201 1624 254 praeter

140 273 449 327 Xenophontem
484 273 609 315 etiam
644 272 866 314 Platonicis
895 271 1094 314 coloribus
1123 271 1186 313 uti
1217 272 1388 322 videtur,
1418 273 1467 313 ut
1495 271 1520 325 ξ]
1552 276 1621 321 39,

140 356 233 386 cum
264 343 374 387 dicat
404 356 540 398 regem
572 343 722 385 bonum
750 342 902 385 civium
932 341 1188 384 commodum
1218 344 1420 396 spectare;
1452 341 1503 384 cf.
1524 342 1622 384 Rei·

137 414 250 468 publ.
266 414 300 466 Ι,
319 420 400 458 347
422 415 471 457 D.
513 412 658 455 deinde
678 413 762 456 iam
778 412 827 455 ad
843 413 1153 467 Xenophontem
1173 412 1485 455 commemoravi
1505 412 1530 466 ἓ
1552 417 1620 462 52,

139 485 210 528 ubi
256 485 350 527 deos
395 483 604 526 sacrificiis
649 485 691 526 et
736 483 851 526 donis
891 484 1090 525 malorum
1131 483 1208 526 Dio
1254 482 1444 525 delectari
1484 485 1621 537 negat.

136 555 380 609 quibuscum
413 553 672 596 consentiunt
703 553 886 596 Platonis
916 553 1072 607 Legum
1102 554 1163 603 X,
1197 559 1278 596 907
1304 554 1338 595 A
1371 555 1413 595 et
1443 552 1620 595 Pseudo-

137 624 312 679 platonis
332 624 466 667 Alcib.
485 624 540 674 H,
571 629 653 667 149
677 624 721 666 E.
783 625 873 665 tum
904 623 1009 677 quod
1039 623 1120 665 Dio
1151 624 1290 665 heroes
1319 624 1435 665 affert
1463 623 1620 665 animas

136 695 314 738 virorum
361 695 620 749 optimorum,
666 694 889 748 comparari
935 695 1068 747 potest
1115 694 1297 736 Platonis
1342 693 1529 748 Reipubl.
1568 693 1618 743 V,

132 770 222 808 469
245 764 283 807 Α
305 778 362 820 sq.
425 765 548 807 etiam
591 766 617 817 ξ
650 769 703 807 62
737 764 816 806 Dio
849 763 1062 806 Platonem
1103 764 1260 806 imitari
1300 763 1479 814 videtur,
1526 776 1618 805 cum

138 835 267 877 dicat:
299 834 380 892 ὁρᾷ
411 836 503 891 γὰρ,
535 834 604 877 ὅτι
636 841 857 887 πανταχοῦ
886 835 936 876 τὸ
966 833 1135 888 βέλτιον
1164 841 1240 877 τοῦ
1269 835 1442 892 ἥττονος
1471 831 1618 885 ἔταξεν

132 906 159 948 ὁ
198 906 301 956 θεὸς
341 906 538 961 προνοεῖν
576 920 623 947 τε
660 903 735 947 καὶ
776 903 926 960 ἄρχειν.
988 905 1039 948 cf.
1070 904 1191 959 Gorg.
1222 911 1308 948 483
1332 905 1381 954 D,
1420 904 1617 946 maximos

133 976 245 1018 οὕτω
276 977 326 1018 τὸ
357 974 526 1018 δίκαιον
565 974 782 1031 κέκριται,
822 975 897 1017 τὸν
936 972 1114 1031 κρείττω
1154 981 1232 1017 τοῦ
1269 976 1442 1032 ἥττονος
1477 973 1617 1030 ἄρχειν

135 1044 209 1088 καὶ
241 1045 374 1088 πλέον
405 1042 524 1098 ἔχειν.
585 1057 700 1099 porro
730 1044 780 1086 ad
811 1046 837 1097 ξ
871 1050 938 1095 75,
979 1044 1050 1086 ubi
1089 1045 1138 1086 de
1177 1044 1267 1088 Sole
1308 1036 1386 1087 Dio
1421 1044 1615 1098 loquitur,

134 1117 278 1170 Hagen
310 1115 485 1158 contulit
514 1115 689 1157 Phaedri
721 1121 804 1159 245
827 1116 881 1164 E;
911 1115 962 1157 ad
991 1115 1015 1169 ἓ
1049 1122 1146 1166 116,
1186 1128 1287 1169 quae
1329 1117 1390 1157 est
1431 1114 1479 1156 de
1509 1114 1615 1157 ami-

130 1186 243 1235 citia,
275 1186 324 1229 cf.
359 1185 542 1227 Platonis
572 1186 692 1227 verba
722 1185 911 1238 Reipubl.
938 1185 1013 1236 IX,
1046 1190 1129 1228 576
1151 1186 1211 1227 A:
1243 1183 1394 1242 φιλίας
1424 1184 1615 1242 ἀληθοῦς

132 1257 357 1312 τυραννικὴ
387 1256 516 1311 φύσις
546 1254 612 1296 ἀεὶ
643 1254 855 1309 ἄγευστος.
917 1255 1042 1296 etiam
1063 1268 1233 1308 sequens
1253 1255 1380 1296 oratio
1400 1254 1615 1296 nonnullas

131 1325 363 1367 Platonicas
398 1325 619 1367 sententias
657 1324 844 1378 praebere
885 1324 1057 1367 videtur.
1117 1325 1142 1378 ξ
1172 1330 1228 1367 40
1261 1325 1338 1367 Dio
1377 1324 1526 1366 iterum
1566 1323 1614 1366 de

132 1395 269 1436 Minoe
299 1395 408 1436 Iovis
448 1394 643 1436 familiari
682 1394 882 1448 loquitur,
930 1393 978 1435 de
1022 1406 1100 1448 quo
1138 1394 1220 1436 iam
1263 1394 1359 1436 dixi.
1420 1394 1471 1436 ad
1501 1395 1525 1448 ἓ
1557 1400 1612 1437 93

129 1464 298 1509 Schmid
329 1464 513 1507 Platonis
542 1464 627 1508 Ion.
652 1470 736 1508 533
761 1465 796 1506 D
828 1465 1014 1516 contulit,
1045 1477 1124 1520 quo
1153 1465 1241 1508 loco
1271 1465 1409 1508 eodem
1431 1465 1613 1519 exemplo

130 1537 249 1578 Plato
271 1535 414 1585 utitur,
446 1548 526 1589 quo
547 1535 615 1577 hic
637 1535 726 1578 Dio.
789 1535 1007 1578 Sarambus
1037 1536 1060 1578 ὁ
1081 1535 1277 1594 κάπηλος
1308 1536 1467 1578 videtur
1489 1535 1612 1578 Dioni

129 1609 248 1648 notus
278 1605 404 1648 fuisse
436 1619 457 1647 e
490 1606 649 1648 Platon.
681 1605 804 1659 Gorg.
838 1611 922 1648 518
946 1607 993 1649 B.

219 1675 477 1718 Prooemium
508 1676 651 1730 Lybici
683 1676 827 1730 mythi,
859 1689 979 1729 quem
1011 1676 1089 1718 Dio
1121 1689 1176 1718 or.
1209 1677 1247 1717 V
1276 1677 1429 1726 narrat,
1461 1689 1483 1717 e
1515 1676 1611 1718 Pla-

127 1748 222 1789 tone
253 1748 456 1788 mutatum
488 1747 530 1787 et
559 1745 851 1799 amplificatum
883 1758 967 1788 esse
997 1746 1175 1788 ostendit
1206 1747 1345 1800 Hagen
1377 1759 1417 1800 p.
1450 1753 1472 1789 7
1507 1759 1547 1787 n.
1571 1751 1610 1796 3,

125 1817 179 1859 cf.
213 1816 383 1858 Phaedr.
416 1821 498 1859 229
522 1815 553 1858 C
576 1817 623 1858 D.
662 1816 703 1858 in
744 1816 994 1858 orationibus
1033 1816 1081 1859 de
1122 1817 1303 1871 Diogene
1341 1816 1505 1870 scriptis
1544 1815 1611 1858 vix

127 1886 310 1929 Platonis
349 1886 520 1940 vestigia
558 1886 759 1936 invenies,
810 1888 974 1940 excepta
1014 1886 1191 1937 decima,
1242 1887 1285 1929 in
1324 1899 1404 1941 qua
1445 1887 1522 1928 Dio
1561 1886 1610 1928 de

124 1957 293 1999 deorum
325 1968 506 1998 sermone
537 1956 719 2010 loquitur
749 1957 772 2011 ἓ
795 1962 864 2000 23.
924 1956 1064 1999 eadem
1095 1957 1277 2011 exempla
1307 1957 1525 1999 Homerica
1545 1956 1610 1999 in-

127 2027 310 2069 venimus
339 2026 444 2080 apud
475 2026 687 2068 Platonem
719 2026 866 2081 Cratyl.
887 2033 968 2070 391
994 2028 1030 2068 D
1051 2040 1135 2082 sqq.
1182 2030 1225 2070 at
1255 2027 1434 2069 dubitari
1464 2029 1609 2081 potest,

125 2110 224 2139 num
265 2097 343 2139 Dio
383 2096 597 2139 Platonem
637 2098 849 2151 sequatur,
896 2097 1086 2151 quoniam
1127 2098 1226 2140 haec
1264 2098 1446 2152 exempla
1486 2098 1609 2152 vulgo

125 2169 220 2208 nota
249 2166 374 2209 fuisse
403 2167 624 2209 verisimile
665 2170 726 2209 est
764 2167 832 2222 (cf.
866 2168 1009 2222 Hagen
1039 2181 1077 2221 p.
1111 2170 1315 2222 43—65).
1375 2168 1425 2210 ad
1456 2168 1608 2210 oratio-

125 2248 217 2279 nem
247 2236 416 2279 Iliacam
445 2237 588 2292 Hagen
619 2237 814 2280 nonnulla
843 2237 998 2289 attulit,
1029 2240 1077 2281 ut
1106 2238 1155 2281 ad
1187 2239 1211 2294 ἓ
1235 2245 1303 2289 17,
1333 2238 1376 2280 in
1409 2250 1488 2292 qua
1509 2238 1607 2282 Dio-

127 2319 220 2348 nem
252 2308 392 2349 eodem
423 2309 605 2362 exemplo
635 2308 827 2364 Autolyci
865 2309 929 2351 uti
960 2311 1120 2361 monet,
1158 2322 1236 2364 quo
1266 2310 1384 2351 Plato
1415 2309 1604 2363 Reipubl.

123 2377 158 2427 Ι,
192 2381 275 2418 334
298 2377 348 2418 Β.
408 2377 513 2431 quod
544 2378 622 2420 Dio
652 2380 808 2433 pergit:
845 2378 947 2435 περὶ
978 2378 1026 2421 δὲ
1055 2383 1172 2422 θεῶν
1202 2411 1213 2421 .
1235 2412 1245 2421 .
1268 2412 1279 2421 .
1310 2378 1386 2422 καὶ
1416 2376 1459 2421 οἳ
1491 2379 1607 2421 πάνυ

126 2445 399 2497 ἐπαινοῦντες
444 2446 572 2491 αὐτόν
616 2449 783 2503 respicit
827 2449 1017 2504 Reipubl.
1049 2450 1112 2501 II,
1145 2455 1228 2493 383
1251 2450 1288 2492 A
1329 2451 1372 2492 et
1411 2449 1455 2492 in
1494 2450 1519 2504 ἓ
1552 2455 1605 2494 18

122 2516 312 2570 Reipubl.
343 2516 406 2567 H,
450 2522 535 2560 378
559 2519 617 2569 D,
668 2519 741 2561 ubi
787 2520 990 2562 Homerus
1033 2519 1136 2562 item
1186 2521 1347 2575 propter
1397 2520 1607 2563 mendacia

123 2587 372 2642 vituperatur
392 2587 438 2642 ¹).
500 2587 622 2632 initio
662 2602 718 2632 or.
758 2590 842 2633 XII
871 2589 1035 2634 Geelius
1074 2590 1283 2634 adnotavit
1322 2590 1454 2644 prima
1483 2591 1606 2634 verba

216 2740 252 2782 1)
276 2739 332 2775 Ad
355 2739 415 2783 xi,
441 2740 505 2775 22:
538 2741 690 2785 ensem
724 2744 788 2777 τὸν
811 2745 1004 2789 κολοφῶνα
1036 2744 1077 2778 ef.
1103 2719 1194 2779 Plafi.
1219 2743 1371 2788 Euthyd.
1396 2745 1464 2780 301
1479 2743 1519 2787 E,
1545 2745 1605 2789 qui
