1772 2936
677 58 969 124 ‘—⁷⁸—„

205 184 322 228 Duae
353 185 483 240 igitur
512 188 609 229 sunt
638 187 934 229 sententiarum
965 188 1118 241 partes,
1156 199 1327 240 quarum
1358 187 1528 240 utraque
1559 187 1608 228 de

106 255 371 298 continentia
416 256 489 299 est.
552 257 595 298 et
641 255 835 311 quoniam
886 256 1109 300 verisimile
1158 257 1220 299 est
1257 256 1352 298 ante
1392 256 1417 311 ξ
1457 261 1484 299 4
1524 255 1607 299 iam

106 326 380 368 antecessisse
421 326 619 379 quaedam
660 326 709 368 de
749 326 890 369 eadem
930 340 974 369 re
1013 327 1143 375 dicta,
1190 327 1292 368 hanc
1321 327 1479 379 partem
1509 328 1609 380 puto

106 394 375 438 -subiunctam
415 395 540 439 fuisse
581 396 605 451 ξ
639 403 661 441 7
704 398 889 440 θεατῶν.
950 397 1002 440 ab
1048 395 1229 451 exemplo
1273 395 1382 452 regis
1425 395 1609 448 urbibus,

106 465 288 515 divitiis,
321 466 559 508 hominibus
589 466 822 509 abundante
851 466 971 508 facile
1001 468 1198 509 transitus
1217 466 1266 509 fit
1284 465 1335 508 ad
1355 466 1495 508 verba:
1533 465 1609 508 καὶ

110 533 258 579 τοίνυν
288 546 350 593 τῳ
381 535 460 591 μὲν
490 536 632 580 ἄλλων
662 536 834 593 ἄρξοντι
866 536 1041 579 πολλῶν
1070 537 1162 581 κτλ.
1186 539 1230 591 ¹).

206 607 352 650 Restat
382 608 407 663 ἓ
443 614 467 651 3
500 607 594 650 inde
626 620 649 649 a
681 607 812 650 verbis
851 605 926 650 καὶ
967 613 1104 650 ταῦτα
1135 605 1282 664 ὀρθῶς
1312 606 1609 663 ὑπολαμβάνει

114 678 230 730 (nam
261 678 413 720 ultima
444 678 638 720 orationis
668 678 870 720 sententia
890 678 1008 731 plane
1028 678 1390 731 praetermittenda
1416 678 1606 733 videtur).

116 748 217 791 haec
246 747 296 791 ad
328 748 497 791 verbum
528 760 746 803 congruere
779 760 871 791 cum
903 760 959 790 or.
983 748 1057 799 ΙΙΙ,
1089 748 1114 802 ἓ
1148 752 1202 791 10
1234 747 1282 790 de
1314 748 1460 791 Arnim
1491 748 1608 801 vidit,

111 819 188 872 qui
235 821 441 872 praeterea
486 819 640 872 optime
686 819 893 872 perspexit
941 818 1235 872 ὑπολαμβάνει
1275 818 1379 860 illud
1409 819 1608 873 respicere

106 901 172 932 or.
206 889 280 936 ΙΙΙ,
313 892 338 943 ξ
362 896 410 932 9:
442 888 466 931 ὁ
497 890 577 944 γὰρ
608 896 804 939 τοιοῦτος
834 889 1035 943 βασιλεὺς
1066 891 1159 939 τοῖς
1188 887 1267 942 μὲν
1297 888 1445 946 ἄλλοις
1476 889 1609 932 καλὸν

107 966 259 1015 ικτῆμα
300 959 376 1015 τὴν
406 957 557 1015 ἀρετὴν
587 958 813 1012 νενόμικεν,
854 958 969 1015 αὑτῷ
1007 957 1055 1001 δὲ
1085 957 1160 1000 καὶ
1192 958 1438 1014 ἀναγκαῖον.
1499 958 1609 1001 idem

110 1030 256 1071 »monet
295 1041 491 1070 conexum
531 1028 710 1083 aliquem
753 1028 947 1071 interesse
979 1028 1086 1071 inter
1116 1041 1172 1071 or.
1207 1028 1289 1079 111,
1322 1030 1346 1083 ξ
1377 1035 1405 1071 4
1437 1031 1478 1071 et
1510 1036 1534 1073 5
1567 1032 1609 1071 et

105 1112 172 1141 nor.
205 1099 344 1148 LXII,
385 1101 409 1152 ξ
442 1105 465 1141 2
485 1112 544 1152 sq.
591 1099 769 1149 accedit,
817 1100 922 1153 quod
963 1099 1086 1141 etiam
1127 1112 1198 1153 per
1236 1100 1365 1141 totam
1403 1112 1458 1141 or.
1493 1100 1608 1142 LXII

112 1169 290 1223 scriptor
320 1171 513 1224 quattuor
544 1169 638 1212 illas
668 1170 858 1220 virtutes,
900 1168 949 1212 de
979 1169 1128 1223 quibus
1158 1169 1240 1212 iam
1272 1169 1428 1212 dictum
1461 1172 1533 1221 est,
1564 1171 1609 1213 in

113 1240 255 1282 auimo
285 1239 432 1290 habet,
464 1241 516 1282 cf.
549 1241 574 1294 ξ
608 1246 632 1283 5
666 1242 707 1281 et
740 1247 778 1290 7,
812 1245 851 1289 2,
885 1246 923 1283 3.
986 1239 1194 1282 Caesarem
1224 1242 1429 1293 praeterea
1461 1241 1537 1283 Dio
1567 1243 1609 1283 et

106 1322 174 1351 or.
205 1310 281 1359 ΙΙΙ,
315 1311 340 1362 ἕ
374 1315 433 1351 3-
464 1315 487 1352 9
521 1312 562 1351 et
592 1310 722 1359 LXII,
755 1316 780 1351 3
813 1311 855 1351 et
888 1316 911 1352 6
944 1310 1175 1363 alloquitur.

207 1379 339 1432 Quare
372 1379 560 1433 equidem
591 1392 639 1421 ex
670 1392 752 1421 una
782 1378 999 1433 eademque
1021 1379 1201 1422 oratione
1221 1392 1361 1422 omnes
1382 1379 1453 1422 has
1473 1381 1607 1433 partes

104 1453 300 1503 sumptas
346 1463 432 1491 esse
477 1462 631 1492 censeo.
707 1450 948 1503 sequebatur
993 1449 1092 1491 olim
1139 1462 1194 1491 or.
1236 1450 1295 1492 III
1341 1450 1608 1503 paragraphos

117 1526 230 1564 3—9
251 1521 285 1575 2)
317 1532 373 1563 or.
407 1519 537 1571 LXII,
571 1525 594 1563 3
628 1517 704 1562 καὶ
740 1525 890 1562 ταῦτα.
952 1532 1052 1574 quae
1082 1521 1289 1571 secuntur,
1320 1521 1607 1574 argumentum

110 1591 231 1645 quasi
262 1591 475 1633 continent
506 1602 657 1640 eorum,
690 1602 792 1643 quae
815 1590 892 1632 Dio
912 1591 1049 1643 postea
1075 1591 1235 1632 enarrat
1263 1603 1400 1644 regem
1432 1590 1606 1632 maxime

104 1661 300 1704 omnium
340 1660 543 1704 virtutum
583 1672 711 1715 egere.
785 1673 806 1702 e
847 1661 932 1703 tota
969 1660 1046 1703 hac
1085 1660 1357 1714 disputatione
1394 1661 1525 1703 solum
1560 1672 1607 1703 ea

115 1732 232 1774 nobis
262 1733 420 1773 servata
450 1733 567 1780 sunt,
609 1743 710 1784 quae
743 1730 791 1772 de
823 1728 1050 1787 ἐγκρατείᾳ
1082 1730 1294 1780 disseruit,
1335 1731 1450 1772 cuius
1480 1731 1607 1784 partis

115 1801 290 1844 frustula
328 1814 383 1844 or.
418 1802 529 1843 LXII
569 1801 764 1842 continet.
828 1803 967 1842 utrum
1015 1802 1112 1842 haec
1157 1813 1247 1853 pars
1291 1801 1423 1853 prima
1468 1801 1605 1850 fuerit,

117 1883 265 1921 necne,
318 1870 535 1913 diiudicari
581 1883 661 1912 non
707 1869 867 1924 poterit.
928 1872 1135 1923 praeterea
1184 1870 1332 1912 ultima
1381 1882 1472 1923 pars
1523 1883 1605 1912 ser·

115 1943 208 1983 vata
254 1943 338 1991 est,
385 1942 594 1995 quaeest
641 1940 689 1981 de
735 1939 908 1982 iustitia.
978 1953 1067 1982 eam
1115 1940 1195 1982 Dio
1241 1940 1415 1982 orationi
1460 1940 1605 1982 tertiae

116 2012 142 2065 ἓ
166 2015 336 2054 58-61
359 2011 599 2054 immiscuit.
654 2009 1002 2052 verisimillimum
1025 2010 1134 2052 enim
1157 2012 1218 2053 est
1238 2010 1453 2061 iustitiam,
1483 2022 1605 2065 quam

103 2094 319 2123 summam
359 2082 554 2123 virtutem
597 2080 673 2122 Dio
706 2093 727 2122 e
760 2080 942 2122 Platonis
987 2082 1169 2133 exemplo
1208 2081 1411 2130 nominat,
1458 2080 1605 2122 ultimo

119 2151 205 2194 loco
236 2151 447 2194 laudatam
477 2150 613 2194 fuisse.

211 2316 245 2359 1)
270 2316 326 2350 Ad
350 2318 470 2360 partes
495 2315 618 2349 leviter
643 2317 782 2349 tantum
807 2314 1063 2358 coniungendas
1087 2325 1250 2359 persaepe
1274 2315 1341 2348 Dio
1366 2314 1604 2349 coniunctione

102 2378 175 2409 rna)
201 2378 326 2409 τοίνυν
350 2374 479 2408 utitur.
1083 2401 1090 2407 .

209 2433 247 2476 2)
271 2431 449 2475 Quomodo
474 2433 494 2477 ξ
519 2432 541 2468 9
568 2434 588 2467 ὁ
612 2433 684 2481 γὰρ
710 2438 875 2471 τοιοῦτος
899 2442 977 2467 cum
1001 2431 1063 2476 §8
1087 2431 1182 2474 (nam
1200 2430 1343 2466 Homeri
1363 2443 1480 2467 versus
1498 2431 1605 2467 inter-

113 2491 254 2538 polatus
279 2492 348 2530 est')
374 2491 557 2527 coniuncta
581 2491 686 2526 suerit
699 2519 707 2534 ,
733 2490 846 2525 adhuc
870 2490 1002 2525 dubito.
1051 2490 1197 2524 fortasse
1223 2496 1386 2530 τοιοῦτος
1417 2490 1505 2525 illud
1530 2501 1605 2536 per-

114 2550 205 2585 tinet
237 2550 281 2585 ad
316 2553 430 2597 ἄνπερ
464 2546 485 2599 ᾗ
520 2557 684 2590 τοιοῦτος
715 2551 751 2594 (ξ
776 2550 822 2592 6).
873 2548 934 2583 sed
969 2549 1054 2583 haec
1091 2547 1279 2583 difficultas
1315 2547 1403 2583 nihil
1439 2547 1484 2582 ad
1520 2558 1603 2582 rem.

113 2610 135 2654 ξ
168 2609 214 2644 10
259 2610 376 2644 autem
415 2611 453 2643 et
486 2610 529 2643 11
564 2611 686 2654 postea
728 2608 891 2642 videntur
933 2607 1072 2642 additae
1114 2618 1190 2642 esse
1234 2607 1443 2642 sententiam
1481 2605 1601 2651 ampli-

113 2666 240 2702 ficandi
274 2678 397 2711 causa,
431 2678 509 2702 cum
541 2667 608 2702 Dio
642 2667 832 2702 orationem
865 2666 1007 2700 tertiam
1032 2666 1169 2711 qualem
1201 2676 1294 2700 nunc
1318 2667 1496 2707 tenemus,
1526 2673 1605 2698 con·

114 2726 291 2761 scriberet.
