1772 2936
846 64 898 102 76

128 186 260 241 igitur
293 186 424 228 adhuc
455 186 535 228 tria
567 186 811 229 laudationis
842 188 985 241 capita.
1049 188 1176 230 bonus
1206 199 1274 228 rex
1305 186 1483 240 primum
1515 189 1618 229 θεο-

129 257 260 315 φιλής
281 260 353 304 est,
385 258 475 299 tum
497 257 828 315 φιλάνθρωπος,
861 258 1033 312 denique
1054 257 1347 316 φιλόστοργος.
1399 259 1441 300 et
1467 257 1618 311 optime

116 327 301 381 -quadrat
340 328 389 369 ad
432 328 536 369 hanc
577 327 904 381 dispositionem,
946 330 1050 383 quod
1090 329 1259 382 scriptor
1290 329 1314 381 ξ
1350 334 1430 370 119
1464 327 1618 381 pergit:

124 395 369 455 φιλοίκειος
399 396 447 439 δὲ
477 396 553 440 καὶ
584 398 890 455 φιλοσυγγενής
922 399 1011 441 κτλ.
1074 399 1221 441 ultima
1251 411 1341 452 pars
1371 399 1412 451 (ξ
1438 399 1539 451 122)
1571 397 1618 439 de

129 468 314 522 coniugis
350 481 485 509 amore
525 470 598 509 est.
661 481 763 521 quae
805 469 933 510 oratio
977 482 1070 510 cum
1101 469 1278 522 perfecta
1309 480 1387 509 non
1419 468 1475 509 sit
1506 469 1617 520 (nam

130 538 178 580 de
220 550 342 580 uxore
381 538 553 592 scriptor
596 538 682 581 sinc
723 538 845 581 dubio
876 539 992 592 plura
1023 539 1230 581 locuturus
1260 540 1382 593 erat),
1429 538 1504 580 tali
1535 538 1617 579 fere

131 608 249 650 modo
281 609 457 651 Dionem
491 622 578 651 eam
611 609 892 651 conclusurum
925 608 1048 651 fuisse
1079 612 1198 662 puto,
1231 612 1277 651 ut
1308 611 1397 664 post
1427 608 1618 663 largiores

129 680 278 721 amoris
326 680 511 734 coniugis
562 680 699 721 laudes
750 680 931 721 dicturus
973 682 1077 721 esset
1119 681 1168 721 de
1205 680 1425 721 liberorum
1471 691 1615 720 amore.

129 749 189 792 sic
221 749 374 803 optime
406 749 499 791 finis
529 749 773 792 laudationis
805 762 898 792 cum
930 749 1051 791 initio
1091 749 1305 791 coniuncta
1345 750 1497 792 fuisset.
1560 749 1617 791 ihi

131 820 284 862 dixerat
331 833 466 874 regem
515 833 653 862 manes
698 821 894 862 bonorum
933 820 1109 862 virorum
1151 821 1302 871 colere,
1350 819 1422 873 οὐχ
1462 821 1617 878 ἣκιστα

126 890 404 946 χαριζόμενος
434 890 549 947 αὐτῷ
590 891 749 933 scilicet
780 905 872 933 cum
904 892 1037 944 speret
1066 903 1108 933 se
1140 891 1240 933 item
1272 903 1295 932 a
1325 890 1494 944 posteris
1530 890 1617 932 cul-

128 962 219 1003 tum
252 961 327 1010 iri,
369 961 437 1003 hic
468 962 652 1003 dicturus
683 965 769 1004 erat
809 962 957 1004 bonum
997 975 1134 1016 regem
1174 961 1322 1003 liberos
1352 974 1506 1011 amare,
1547 961 1617 1014 qui

130 1031 297 1073 heredes
328 1031 492 1085 imperii
524 1033 588 1074 sui
620 1034 662 1075 et
692 1033 858 1075 virtutis
889 1046 982 1075 suae
1014 1045 1226 1086 praecones
1256 1032 1384 1074 futuri
1415 1031 1510 1074 sint.
1575 1031 1616 1073 in

119 1101 207 1144 *fine
239 1103 434 1144 orationis
469 1104 542 1145 Dio
573 1104 623 1144 ad
655 1104 874 1145 Traianum
907 1104 1110 1145 rediturus
1141 1105 1226 1145 erat
1257 1103 1324 1154 (cf.
1346 1103 1466 1144 finem
1489 1115 1544 1144 or.
1566 1103 1615 1155 Ι).

220 1172 285 1214 Ad
317 1173 421 1215 hanc
451 1174 614 1226 qualem
647 1174 933 1215 constituimus
972 1174 1188 1227 genuinam
1232 1174 1453 1214 orationem
1491 1172 1616 1224 perti-

130 1244 230 1283 nent
263 1243 286 1296 ξ
313 1248 424 1285 1—3
458 1242 620 1300 ἀρετῆς,
653 1244 677 1296 ξ
702 1248 886 1286 25—50.
912 1248 1096 1286 51-55.
1123 1248 1307 1285 62—74.
1331 1247 1397 1285 82.
1415 1247 1617 1291 ,se—90.

130 1317 187 1355 94
217 1312 323 1370 μόνῃ
356 1345 366 1354 .
385 1345 394 1354 .
413 1345 422 1354 .
456 1312 640 1370 ἥδιστον,
674 1315 697 1367 ἓ
724 1319 948 1357 100-101
976 1313 1138 1369 ἄχαρις,
1172 1314 1195 1366 ἓ
1220 1319 1302 1356 102
1325 1311 1427 1369 ῥᾷον
1461 1317 1616 1361 -103,

128 1384 154 1436 ξ
190 1388 420 1426 108—113
452 1378 573 1435 εἶναι,
607 1385 631 1438 ξ
667 1390 748 1426 114
782 1385 872 1438 ἅμα
1004 1381 1150 1441 φίλος,
1184 1385 1208 1437 ἓ
1245 1390 1340 1426 115.
1377 1387 1616 1425 119-122.

221 1454 367 1496 Eorum
400 1467 502 1508 quae
534 1457 689 1498 restant
711 1455 789 1497 tria
809 1468 956 1509 genera
985 1454 1245 1497 discernenda
1271 1455 1377 1496 sunt.
1418 1453 1550 1507 primo
1571 1466 1617 1496 ea

128 1524 361 1578 complexus
391 1538 495 1574 sum,
527 1526 676 1578 quibus
706 1525 904 1579 genuinae
936 1526 1129 1568 orationis
1159 1524 1382 1567 sententiae
1418 1525 1489 1566 aut
1525 1537 1615 1565 mu-

128 1596 270 1637 tantur
285 1597 358 1637 aut
374 1595 687 1650 amplificantur.
719 1596 842 1638 huius
859 1597 1018 1651 generis
1038 1609 1131 1638 cum
1154 1596 1201 1637 de
1223 1595 1397 1649 singulis
1418 1595 1499 1637 iam
1518 1594 1617 1637 satis

128 1664 287 1706 dictum
308 1666 375 1714 sit,
399 1666 576 1707 breviter
597 1666 713 1707 modo
734 1667 912 1707 afferam,
954 1667 1089 1718 θοοὶ-,ξ
1111 1671 1296 1714 12-24,
1328 1678 1425 1719 quas
1446 1665 1494 1705 ad
1516 1666 1540 1718 ς’
1558 1670 1613 1707 25

129 1734 207 1776 Dio
237 1733 414 1785 addidit,
446 1736 494 1778 ut
524 1748 565 1777 se
597 1737 647 1778 ab
678 1735 924 1779 adulationis
955 1736 1125 1778 crimine
1157 1735 1398 1785 defenderet,
1431 1736 1454 1789 ξ
1488 1740 1540 1778 56
1575 1738 1617 1777 et

129 1812 200 1854 57,
233 1807 257 1858 ξ
292 1811 478 1847 75-81.
511 1812 580 1856 85,
615 1819 713 1860 quae
744 1808 922 1859 pertinet
953 1807 1002 1848 ad
1034 1809 1150 1860 ἓ67.
1185 1811 1355 1849 91-9»
1390 1808 1431 1846 et
1466 1811 1544 1848 101
1578 1802 1617 1847 εὶ

121 1874 176 1918 δὲ
220 1876 488 1933 σκυθρωπόν
521 1902 570 1907 -ι
611 1882 691 1919 102
734 1874 817 1929 &figet
856 1877 929 1919 τὸν
973 1876 1265 1933 συνηδόμενον,
1312 1877 1336 1929 ξ
1371 1881 1614 1924 104-107,

124 1946 278 2000 quibus
320 1947 345 2000 ἓ
377 1953 431 1989 87
465 1946 750 2001 amplificatur,
798 1948 822 2000 ξ
859 1952 938 1990 113
986 1948 1095 1989 ὥστε
1141 1945 1216 1989 καὶ
1255 1971 1310 1977 -
1343 1943 1532 2002 κέκρικεν
1575 1947 1616 1988 et

127 2019 153 2071 ξ
187 2023 272 2059 114
304 2017 397 2059 ὅσοι
431 2042 485 2047 ———
518 2015 665 2071 ὄνομα,
699 2018 723 2070 ξ
759 2023 985 2060 128-132
1019 2017 1319 2071 coniungendae
1351 2029 1446 2058 cum
1477 2017 1501 2069 ξ
1532 2022 1614 2059 103

114 2086 237 2140 (vide
283 2088 416 2137 enim,
460 2087 564 2142 quod
604 2088 686 2129 iam
727 2087 818 2141 plus
856 2099 936 2130 uno
966 2087 1052 2129 loco
1085 2087 1243 2137 monui,
1285 2088 1308 2141 ἓ
1344 2093 1425 2130 103
1458 2088 1499 2129 et
1534 2092 1612 2129 132

125 2157 334 2200 similibus
365 2158 498 2200 verbis
531 2158 665 2212 finiri).

217 2228 360 2270 Altero
399 2241 545 2283 genere
584 2241 631 2270 ea
670 2229 950 2279 continentur,
990 2241 1092 2282 quae
1132 2228 1249 2282 plane
1290 2240 1390 2270 nova
1421 2230 1462 2269 et
1491 2240 1514 2269 a
1544 2240 1615 2280 ge-

126 2299 274 2340 nuinae
313 2298 506 2340 orationis
545 2298 746 2351 proposito
783 2299 916 2340 aliena
954 2311 1149 2340 conexum
1189 2299 1505 2351 interrumpunt.
1567 2297 1614 2339 de

117 2367 193 2410 ‘his
222 2368 384 2422 gravior
415 2369 599 2423 quaestio
630 2370 708 2417 est,
740 2368 931 2423 quoniam
963 2368 1144 2422 singulae
1176 2368 1263 2409 eius
1293 2368 1451 2422 generis
1481 2370 1615 2420 partes

117 2438 234 2480 -inter
265 2451 306 2480 se
337 2439 549 2480 cohaerere
581 2439 780 2481 videntur.

217 2510 241 2562 ἓ
274 2515 432 2558 3-11,
473 2510 657 2563 quamvis
696 2521 775 2550 non
807 2510 1008 2562 integrae,
1053 2508 1239 2550 videntur
1269 2508 1477 2550 exordium
1508 2507 1615 2550 alius

126 2580 321 2621 orationis
353 2592 451 2628 esse,
482 2592 559 2634 qua
592 2579 640 2620 de
671 2592 713 2621 re
745 2591 861 2633 supra
894 2579 972 2633 egi.

217 2652 240 2702 ξ
274 2647 581 2693 58—61'item
614 2649 876 2692 removendae
907 2651 1004 2692 sunt
1034 2661 1057 2691 a
1087 2661 1158 2691 suo
1197 2648 1304 2699 loco,
1347 2648 1443 2702 quia
1483 2647 1525 2689 in
1563 2646 1615 2689 iis

115 2720 233 2761 “nihil
265 2720 312 2762 de
344 2720 452 2774 regis
482 2718 802 2777 φιλανθρωπίᾳ
834 2720 988 2762 dictum
1027 2721 1098 2761 est.
1161 2719 1267 2772 quod
1311 2731 1401 2760 vero
1435 2717 1510 2759 Dio
1550 2717 1614 2758 in-
