1772 2936
855 71 908 109 65

138 195 357 251 λέγεσθαι,
389 196 467 238 κᾶν
496 193 645 252 μηδεὶς
676 191 909 252 ἐπίστηται
941 195 1039 244 τοὺς
1069 193 1217 249 γονέας
1243 193 1374 238 αὐτοῦ
1391 194 1502 253 μηδὲ
1521 197 1620 247 τοὺς

141 266 385 324 προγόνους.
448 265 557 308 ἀλλὰ
595 265 678 322 μὴν
717 259 789 317 οὖχ
828 258 918 307 οἷόν
955 280 1001 307 τε
1040 266 1228 320 γενναῖον
1262 263 1341 318 μὲν
1369 260 1480 308 εἶναι’
1509 282 1618 319 τινα,

133 338 192 394 μὴ
232 336 372 393 εὐγενῆ
414 335 461 377 δὲ
500 341 659 386 τοῦτον,
701 327 795 376 οὐδ’
829 333 970 392 εὐγενῆ
1010 333 1113 377 ’όντα
1142 335 1201 392 μὴ
1232 331 1453 392 ἐλεύθερον
1483 331 1616 379 εἶναι·

136 409 244 450 ὥστε
288 406 362 450 καὶ
401 407 473 448 τὸν
518 404 641 461 ἀγενῆ
687 411 810 447 πᾶσα
856 404 1015 461 ἀνάγκη
1046 405 1196 447 δοῦλον
1225 399 1347 447 εἶναι.
1408 419 1485 461 qua
1518 419 1609 448 cum

137 478 337 520 sententia
369 478 410 517 et
440 488 532 516 cum
565 467 765 524 omnibus,
797 487 896 528 quae
927 477 1046 517 antea
1073 474 1342 528 disputantur,
1373 476 1618 518 conveniunt

137 548 288 602 optime
328 547 410 589 tria
448 545 789 598 apophthegmata
829 557 852 586 a
884 544 1061 598 Diogene
1092 544 1254 586 Laertio
1294 544 1342 586 de
1372 545 1617 588 Antisthene

135 619 306 667 narrata,
339 629 438 671 quae
470 615 732 670 Cynicorum,
764 615 930 657 fortasse
961 614 1218 658 Antisthenis
1255 614 1383 668 ipsius
1413 616 1461 658 de
1490 616 1616 658 servi-

135 690 223 730 tute
265 687 462 729 iudicium
503 686 701 736 referunt,
743 698 985 739 quamquam
1026 699 1117 727 cum
1160 686 1418 728 Antisthenis
1457 686 1617 740 dialogo

135 759 221 812 ipso
252 757 310 799 sic
340 755 618 810 coniungenda
649 768 727 797 non
758 757 875 797 sunt:
907 755 1025 809 Diog.
1059 755 1191 798 Laert.
1225 756 1276 805 II,
1310 761 1387 798 31:
1419 753 1617 806 εἰπόντος

137 834 233 882 γοῦν
263 842 377 876 τινος
409 825 523 881 αὐτῷ
555 824 755 878 (Socrati),
787 825 845 874 ὡς
875 821 939 882 εἴη
975 818 1255 881 Ἀντισθένης
1284 825 1446 881 μητρὸς
1471 821 1615 882 Θρᾴτ-

135 913 222 954 της,
255 897 313 939 Σὺ
345 889 387 938 ‹5'
413 888 512 951 ᾦόυ,
545 892 639 952 ἐζρη,
672 895 805 945 οὕτως
836 895 888 937 ἂν
918 897 1106 950 γενναῖον
1137 893 1185 937 ἐκ
1215 894 1334 937 δυοῖν
1360 887 1616 952 Ἀθηναίων

137 965 358 1022 γενέσθαι;
390 966 444 1007 id.
463 966 533 1015 VI,
559 973 604 1008 1:
636 963 800 1020 ἐλέγετο
823 957 865 1006 δ’
890 963 965 1007 οὐκ
995 959 1106 1007 εἶναι
1137 962 1351 1023 ἰθαγενής,
1382 964 1485 1008 ὅθεν
1505 965 1616 1022 πρὸς

134 1039 205 1080 τὸν
235 1035 491 1088 ὀνειδίζοντα
523 1034 684 1078 εἰπεῖν·
715 1034 791 1077 καὶ
822 1037 847 1091 ἡ
876 1037 1014 1092 μήτηρ
1045 1044 1129 1077 τῶν
1158 1039 1275 1077 θεῶν
1298 1033 1464 1090 Φρυγία
1486 1033 1613 1077 ἐστίν.

136 1107 319 1160 sequitur
358 1106 487 1156 idem,
528 1105 634 1160 quod
674 1107 735 1148 est
764 1105 819 1156 ΙΙ,
853 1111 920 1148 31.
964 1105 1082 1159 Diog.
1114 1105 1184 1156 VI,
1217 1110 1265 1147 4:
1312 1102 1616 1159 ὀνειδιζόμενός

135 1192 242 1219 ποτε
279 1177 336 1226 ὡς
376 1175 452 1218 οὐκ
491 1174 556 1233 εἰἠ
593 1174 641 1217 ἐκ
681 1176 755 1217 δύο
787 1174 1033 1231 ἐλευθέρων,
1075 1174 1173 1217 οὐδὲ
1203 1176 1281 1232 γὰρ
1313 1172 1362 1217 ἐκ
1392 1175 1485 1228 δύο,
1518 1173 1613 1233 ἔφη,

135 1247 446 1298 παλαιστικῶν,
479 1245 589 1289 ἀλλὰ
621 1245 912 1296 παλαιστικός
942 1243 1043 1299 εἶμι.

222 1317 300 1359 Sed
337 1317 435 1359 licet
465 1316 630 1358 fortasse
662 1316 822 1371 longius
863 1315 1064 1371 progredi.
1127 1314 1306 1357 conferas
1346 1315 1457 1358 enim
1493 1315 1615 1359 huius

134 1387 326 1430 orationis
365 1388 532 1430 initium
572 1400 662 1430 cum
706 1400 761 1430 or.
795 1387 954 1438 XXVI,
993 1399 1072 1440 qua
1110 1386 1281 1428 Dionem
1321 1387 1615 1429 Pseudo-Pla-

133 1459 241 1500 tonis
270 1457 485 1512 Sisyphum
526 1457 682 1499 imitari
720 1458 887 1511 posthac
920 1457 1209 1499 demonstrabo.
1274 1456 1316 1498 in
1348 1459 1519 1510 utraque
1549 1457 1614 1498 in-

134 1528 268 1569 venies
299 1528 439 1570 statim
469 1527 591 1570 initio
621 1527 747 1570 fontis
777 1527 947 1569 titulum
979 1528 1351 1576 commemoratum,
1383 1527 1444 1569 ita
1470 1529 1519 1569 ut
1539 1527 1615 1569 hoc

133 1611 156 1639 a
187 1598 314 1640 Dione
360 1598 537 1640 alienum
585 1610 669 1639 esse
715 1610 793 1640 non
840 1598 960 1639 dicas.
1023 1599 1064 1640 et
1104 1598 1151 1638 ut
1187 1597 1229 1638 in
1271 1609 1327 1638 or.
1359 1597 1500 1639 XXVI
1537 1597 1613 1640 Dio

133 1668 294 1722 Sisyphi
324 1669 575 1722 prooemium
605 1668 726 1721 paulo
755 1670 962 1710 mutatum
993 1667 1170 1721 respicit,
1201 1667 1260 1708 sic
1289 1666 1456 1709 fortasse
1488 1667 1614 1709 etiam

132 1738 201 1780 hic
231 1738 278 1780 de
317 1738 441 1780 fontis
477 1738 681 1792 prooemio
719 1738 919 1793 loquitur,
964 1750 1058 1780 cum
1098 1737 1227 1779 dicat:
1274 1735 1495 1792 ἐτύγχανον
1532 1738 1613 1795 γὰρ

133 1807 241 1864 ὑπὲρ
273 1807 412 1852 ἄλλων
443 1809 651 1865 πρότερον
682 1808 978 1864 ἀντιλέγοντες,
1011 1808 1070 1858 ὡς
1090 1806 1186 1862 ἐμοὶ
1207 1807 1412 1849 δοκοῦσιν.
1474 1807 1614 1863 ἡττώ-

132 1893 255 1932 μενος
286 1876 334 1920 ὂὲ
364 1878 453 1920 κτλ.
515 1880 581 1921 sed
614 1879 713 1922 satis
744 1879 791 1921 de
822 1880 898 1921 hac
918 1879 1159 1929 coniectura,
1190 1891 1310 1932 quam
1338 1877 1612 1920 coniecturam

134 1960 217 1989 esse
247 1960 324 1989 non
358 1960 472 2001 nego.

220 2016 305 2060 ΟΕ.
337 2017 487 2060 XXVI.
549 2019 781 2061 Orationem
823 2019 1058 2061 vicesimam
1100 2019 1253 2060 sextam
1283 2018 1612 2059 transformatam

134 2099 217 2129 esse
239 2099 260 2128 e
281 2087 643 2131 Pseudo-Platonis
675 2089 844 2144 Sisypho
864 2089 896 2143 1)
927 2088 1116 2130 viderunt
1146 2087 1285 2129 Hirzel
1317 2086 1481 2129 demum
1520 2086 1614 2143 (der

134 2156 272 2210 dialog}
301 2157 366 2208 II,
389 2171 438 2210 p.
460 2159 560 2209 105)
592 2161 634 2201 et
664 2159 712 2202 de
745 2160 891 2202 Arnim
924 2160 984 2212 (in
1015 2159 1303 2211 adnotatione),
1337 2171 1428 2199 cum
1459 2158 1613 2211 priores

133 2226 304 2269 editores
342 2239 392 2269 ne
432 2227 674 2284 dialogicam
714 2230 885 2273 formam
917 2229 1079 2286 quidem
1110 2228 1232 2271 huius
1262 2227 1456 2271 orationis
1485 2240 1612 2283 agno-

227 2378 262 2419 1)
285 2377 450 2423 Tempus,
484 2391 551 2423 quo
576 2379 744 2426 Sisyphus
778 2382 935 2425 dialogus
968 2381 1177 2426 compositus
1210 2382 1284 2424 est,
1317 2381 1359 2415 de
1382 2381 1613 2418 Wilamowitz

132 2439 227 2470 certa
250 2436 384 2470 ratione
408 2438 603 2473 constituit.
654 2439 721 2474 duo
755 2440 845 2473 enim
877 2440 942 2473 viri
972 2440 1281 2473 commemorantur
1311 2441 1348 2473 et
1379 2440 1432 2473 ita
1462 2440 1611 2485 quidem,

131 2496 173 2529 ut
205 2505 263 2528 eos
295 2493 423 2538 dialogi
454 2496 667 2541 temporibus
701 2497 825 2532 vixisse
858 2509 920 2543 pro
952 2500 1046 2532 certo
1069 2497 1265 2532 habendum
1290 2497 1357 2540 sit,
1393 2497 1612 2534 Stratonicus

132 2553 331 2595 citharista,
365 2564 467 2598 quem
497 2554 609 2589 medio
639 2556 774 2591 saeculo
799 2558 924 2602 quarto
948 2556 1103 2591 floruisse
1136 2567 1227 2590 nunc
1259 2558 1416 2600 constat,
1449 2559 1487 2592 et
1510 2556 1612 2593 Calli-

132 2614 266 2648 stratus
281 2611 525 2658 Aphidnensis,
551 2613 611 2658 qui
627 2614 746 2662 prima
770 2615 900 2650 saeculi
925 2615 1041 2660 quarti
1064 2617 1164 2660 parte
1189 2615 1397 2660 reipublicae
1421 2614 1610 2651 Athenien·

132 2671 220 2706 sium
250 2672 418 2717 praeerat.
468 2681 573 2715 quare
609 2674 768 2707 constare
804 2673 941 2708 videtur
977 2673 1161 2718 Sisyphum
1190 2673 1329 2708 circiter
1365 2685 1454 2709 anno
1478 2675 1549 2710 350
1578 2686 1609 2711 a.

131 2729 211 2766 Chr.
237 2742 271 2766 n.
298 2729 463 2776 scriptum
488 2740 572 2764 esse.

1305 2792 1327 2828 5
