1772 2936
848 95 902 134 39

133 218 263 264 Βίωνι
296 221 414 264 δοκεῖ
452 220 511 277 μὴ
543 219 721 262 δυνατὸν
750 213 860 262 εἶναι
900 221 993 270 τοῖς
1032 219 1213 270 πολλοῖς
1242 217 1445 275 ἀρέσκειν,
1485 216 1524 262 εἰ
1552 219 1612 277 μὴ

129 292 379 334 πλακοῦντα
419 289 635 344 γενόμενον
674 289 700 346 ἢ
735 288 918 331 Θάσιον·
958 288 1145 346 εὐήθως,
1187 287 1283 342 ἐμοὶ
1324 288 1475 331 δοκεῖν.
1537 290 1613 331 hoc

126 361 284 405 dictum
306 360 407 403 alibi
430 371 507 401 non
529 359 667 401 inveni
698 371 828 413 neque
858 358 970 402 aliud
1001 359 1180 402 eiusdem
1212 358 1384 414 generis.
1432 360 1612 402 ceterum

128 432 328 481 ,πλακοῦς
368 432 410 472 et
448 424 560 480 οἶνος
599 429 720 472 Bioni
759 431 910 472 usit-ata
949 429 1072 472 fuisse
1114 430 1322 480 videntur,
1369 429 1420 472 cf.
1461 429 1614 473 Teletis

127 503 254 546 verba
285 501 438 554 (Hense
468 513 507 554 p.
542 501 644 555 52):
676 500 702 558 ἢ
732 500 862 558 πεινᾷ
891 516 958 551 τις
989 500 1239 543 πλακοῦντα
1271 500 1297 557 ἢ
1328 499 1445 558 διψᾷ
1476 502 1612 554 Χῖον;

125 572 179 614 de
218 571 312 614 vino
351 570 498 612 Thasio
538 582 722 624 compara
759 573 964 625 praeterea
1004 570 1292 613 Antisthenem
1331 570 1436 625 apud
1476 571 1612 613 Xeno-

131 643 324 696 phontem
355 641 489 696 Symp.
522 641 594 692 IV,
626 647 678 683 41
706 643 748 696 ¹).

220 711 355 754 Etiam
388 711 647 754 Antisthenis
678 710 832 754 dictum
864 712 969 765 apud
993 710 1161 755 Dionem
1185 713 1246 754 est
1267 724 1323 754 or.
1346 712 1512 762 XLVII,
1535 717 1613 755 25:

128 779 215 839 ἔφη
246 774 288 823 δ’
323 779 393 824 οὖν
423 797 490 832 τις
521 781 588 823 ὅτι
628 780 704 824 καὶ
746 782 795 825 τὸ
833 790 978 833 κακῶς
1017 780 1183 824 ἀκούειν
1218 781 1363 832 καλῶς
1403 787 1613 824 ποιοῦντα

132 850 206 893 καὶ
238 857 362 894 τοῦτο
392 851 618 905 βασιλικόν
649 850 776 894 ἐστιν.
837 851 945 893 idem
986 851 1159 894 afferunt
1199 851 1399 905 Diogenes
1429 852 1615 894 Laertius

135 921 203 973 VI,
244 927 268 965 3
316 921 368 975 (is
415 920 579 975 quidem
624 921 743 976 plane
788 921 917 964 isdem
964 921 1138 978 verbis),
1185 922 1346 965 Marcus
1382 922 1614 965 Antoninus

134 992 225 1043 VII,
259 998 324 1035 36.
368 992 566 1034 Arrianus
597 992 727 1046 Epict.
762 992 855 1035 diss.
885 993 957 1043 IV,
990 999 1029 1043 6,
1062 998 1130 1044 20,
1171 1006 1249 1046 quo
1290 1006 1338 1042 ex
1378 993 1463 1035 loco
1503 1005 1611 1035 com-

132 1063 323 1117 probatur
354 1063 627 1117 fragmentum
659 1063 751 1118 Cyri
783 1076 878 1105 esse.
941 1065 1106 1117 apparet
1143 1066 1280 1105 autem
1324 1063 1479 1105 dictum
1510 1062 1614 1105 illud

130 1133 441 1175 celeberrimum
483 1133 627 1184 fuisse,
674 1133 734 1176 ita
779 1135 826 1176 ut
865 1146 913 1175 ex
951 1134 1027 1176 hoc
1065 1146 1145 1176 uno
1184 1134 1270 1176 loco
1309 1132 1496 1176 concludi
1534 1145 1614 1176 non

133 1203 259 1257 possit
291 1204 459 1246 Dionem
493 1204 752 1246 Antisthenis
782 1203 882 1258 Cyro
913 1216 1031 1245 usum
1063 1216 1159 1245 esse.

222 1274 392 1317 Restant
423 1273 608 1317 nonnulli
649 1274 749 1325 loci,
795 1273 941 1329 quibus
980 1275 1185 1317 auctorem
1228 1286 1306 1317 non
1345 1273 1495 1316 inveni.
1557 1285 1613 1316 or.

135 1345 249 1395 XXI,
267 1351 291 1386 3
316 1345 392 1386 Dio
411 1344 564 1386 Critiae
586 1345 740 1386 dictum
763 1345 898 1386 affert.
930 1345 956 1401 ἢ
977 1343 1053 1386 οὐκ
1073 1339 1209 1386 οισθα
1232 1342 1419 1400 Κριτίαν
1438 1344 1511 1386 τὸν
1531 1351 1617 1385 τῶν

134 1413 386 1472 τριάκοντα,
418 1414 485 1457 ὅτι
516 1413 745 1457 κάλλιστον
775 1411 858 1472 ἔφη
889 1408 1002 1465 εἶδος
1033 1413 1076 1457 ἐν
1106 1416 1199 1465 τοῖς
1228 1413 1375 1471 άρρεσι
1406 1415 1457 1457 τὸ
1487 1413 1614 1471 θῆλυ,

134 1484 178 1527 ἐν
208 1478 250 1526 δ’
286 1482 339 1526 αὖ
369 1487 468 1535 ταῖς
498 1483 700 1542 θηλείαις
729 1482 990 1539 τούναντίον;
1030 1485 1203 1533 ΧΧΧΠ,
1238 1490 1314 1527 98.
1354 1485 1500 1541 ὥσπερ
1531 1480 1615 1542 ε’φη

135 1571 202 1606 τις
233 1555 331 1606 τοὺς
361 1554 404 1598 ἐν
433 1562 486 1613 τῇ
503 1547 684 1614 Ἀττικῇ
705 1554 962 1613 κανθάρους,
993 1562 1070 1598 τοῦ
1095 1554 1412 1612 καθαρωτάτου
1442 1553 1617 1610 μέλιτος

133 1623 274 1678 ὄντος,
307 1633 383 1669 τοῦ
412 1625 490 1680 μὲν
519 1624 737 1684 μηδέποτε
767 1626 1027 1681 γεύσασθαι,
1067 1618 1168 1684 μηδ’
1203 1626 1254 1668 ἂν
1284 1624 1500 1684 ἐκχέηται,
1541 1633 1618 1683 τῆς

135 1694 184 1739 δὲ
215 1693 362 1751 ἑτέρας
392 1704 566 1753 τροφῆς.
628 1697 845 1739 cantharus
884 1697 949 1739 vel
988 1697 1220 1739 scarabaeus
1260 1698 1479 1739 secundum
1518 1696 1616 1738 Ari-

135 1765 323 1809 stotelem
360 1766 413 1809 H.
455 1768 506 1809 A.
540 1766 589 1817 V,
633 1772 684 1810 19
732 1779 780 1809 ex
825 1766 930 1809 asini
981 1767 1152 1810 stercore
1202 1766 1393 1810 nascitur.
1458 1765 1618 1810 videtur

135 1839 272 1878 autem
305 1838 403 1879 haec
433 1838 565 1891 ignoti
585 1837 760 1892 auctoris
780 1838 982 1878 sententia
1012 1837 1269 1890 proverbium
1290 1849 1387 1887 esse,
1419 1838 1468 1878 ut
1497 1832 1544 1887 ὗς
1575 1834 1619 1878 ἑν

135 1905 342 1963 βορβόρῳ.
384 1906 628 1950 Plutarchus
658 1906 900 1961 compluries
931 1907 1034 1949 dicit
1063 1906 1283 1963 κάνθαρος
1312 1907 1444 1963 μύρον
1473 1906 1618 1964 φεύγει

135 1977 187 2019 cf.
218 1977 320 2019 Mor.
352 1990 390 2030 p.
415 1984 501 2020 710
522 1978 577 2030 Ε;
613 1983 724 2021 1058
743 1976 804 2032 Α;
838 1982 950 2021 1096
972 1977 1023 2020 Α.
1085 1977 1159 2019 alii
1188 1976 1267 2019 loci
1299 1979 1395 2019 sunt
1415 1989 1470 2020 or.
1498 1976 1546 2028 V,
1569 1980 1616 2019 4:

137 2046 234 2091 τόδε
262 2046 341 2103 μὲν
371 2048 421 2106 δὴ
453 2046 696 2106 προοίμιον,
736 2049 795 2100 ὡς
825 2046 908 2106 ἔφη
938 2065 1017 2101 τις,
1049 2056 1124 2092 τοῦ
1154 2048 1304 2103 νόμου,
1344 2048 1395 2091 de
1425 2061 1504 2102 quo
1534 2048 1619 2090 iam

138 2118 236 2160 dixi.
298 2131 353 2160 or.
385 2119 488 2171 XX,
523 2126 570 2163 3:
616 2118 692 2162 καὶ
736 2120 787 2162 τὸ
831 2116 1144 2176 συνδιατρίβειν
1189 2117 1256 2162 ἀεὶ
1301 2127 1362 2177 τῷ
1408 2115 1619 2173 ἐντυχόντι

138 2188 445 2241 ἀδολεσχοῦντα
475 2189 551 2232 καὶ
582 2190 790 2233 ἀκούοντα
822 2189 957 2245 λόγων
987 2188 1106 2232 οὐδὲν
1133 2188 1350 2247 χρησίμων
1376 2190 1402 2247 ἢ
1432 2188 1535 2245 περὶ
1564 2191 1620 2231 τὰ

137 2257 352 2312 βασιλέως
382 2259 622 2316 πράγματα
654 2257 891 2317 διατρίβειν
920 2259 1022 2316 ἢτὰ
1042 2266 1119 2302 τοῦ
1148 2260 1297 2310 δεῖνος,
1337 2259 1395 2310 ὡς
1425 2256 1508 2317 ἔφη
1538 2275 1617 2310 τις.

139 2329 269 2379 XLII,
302 2335 350 2372 5:
382 2330 491 2372 ὥστε
522 2329 663 2373 οὐκέτι
695 2329 858 2386 ὀβολοῦ,
891 2329 1099 2387 καθάπερ
1131 2324 1231 2372 εἶπέ
1259 2345 1337 2382 τις,
1368 2327 1552 2387 εὔπορον
1572 2327 1621 2372 ἐκ

139 2407 214 2456 τῆς
244 2399 402 2456 ἀγορᾶς
432 2399 659 2458 πρίασθαι
689 2402 765 2459 τὴν
795 2400 898 2457 ἐμὴν
918 2399 1090 2458 σοφίαν,
1122 2400 1233 2443 ἀλλὰ
1253 2400 1455 2456 κύψαντα
1477 2399 1620 2443 ἀνελέ-

136 2473 251 2513 σθαι
279 2474 488 2525 χαμᾶθεν.
550 2472 700 2524 XLIX,
734 2477 810 2515 12:
847 2468 930 2530 ἔφη
962 2469 1010 2514 δέ
1039 2487 1104 2522 τις
1135 2479 1221 2514 τῶν
1251 2468 1380 2527 ὀλίγῳ
1412 2470 1620 2527 πρότερον

239 2648 272 2690 1)
297 2646 347 2683 Cf,
373 2646 503 2682 Gercke
529 2647 570 2682 de
594 2647 758 2683 Aristone
776 2648 928 2691 (Archiv
953 2646 1017 2690 sar
1032 2647 1232 2691 yeschiehte
1251 2647 1315 2681 der
1332 2646 1561 2691 philosophie
1577 2647 1621 2685 V)

142 2717 176 2752 p.
201 2706 282 2750 206,
308 2705 366 2752 qui
390 2705 479 2739 hanc
502 2704 624 2740 Dionis
649 2705 823 2741 diatriben
852 2705 897 2740 ad
921 2705 1063 2741 Bionem
1088 2704 1199 2740 redire
1224 2715 1292 2740 non
1317 2704 1391 2740 sine
1416 2704 1527 2751 specie
1551 2704 1622 2740 veri

140 2766 333 2801 contendit.
