1772 2936
130 157 347 208 Prodieea,
377 168 481 211 quae
510 158 574 199 est
602 156 777 211 Apomn.
798 157 852 208 ΙΙ,
887 164 925 208 1,
957 163 1009 200 21
1029 169 1089 212 sq.
1151 158 1323 201 Dionem
1354 157 1622 212 Xenophonte

131 227 220 283 ipso
249 236 369 270 usum
401 238 487 270 esse
518 226 653 270 elucet
683 239 705 270 e
737 227 949 271 verborum
980 227 1267 272 similitudine.

420 356 547 409 Xen.:

189 439 214 493 ἓ
247 445 324 481 21:
352 430 477 481 Ἐπεὶ
507 437 556 480 ἐκ
576 435 750 480 παίδων
779 434 841 487 εἰς

131 509 238 566 ἥβην
278 508 478 565 ὡρμᾶτο,
525 506 568 550 ἕν
598 496 627 564 ᾗ
672 504 714 550 οὶ
753 505 840 549 νέοι

131 576 212 636 ἤδη
229 576 544 634 αὐτοκράτορες
559 576 767 633 γενόμενοι
785 609 796 618 .
807 609 817 618 .
829 608 839 618 .

191 707 216 760 ἓ
248 712 328 749 22:
375 705 452 749 καὶ
498 714 685 763 φανῆναι
726 703 841 762 αὐτῷ

132 776 208 819 δύο
248 778 455 832 γυναῖκας
494 773 724 833 προσιέναι
764 790 841 830 με-

132 846 282 903 γάλας,
298 848 375 905 τὴν
387 846 467 902 μὲν
483 843 633 904 ἑτέραν
647 845 842 903 εὐπρεπῆ

132 932 180 960 τε
210 914 319 960 ἰδεῖν
339 915 415 959 καὶ
437 915 684 974 ἐλευθέριον
704 916 841 974 φύσει,

133 985 451 1044 κεκοσμημένην
489 987 541 1029 τὸ
576 985 656 1040 μὲν
691 994 843 1043 χρῶμα

132 1056 470 1114 καθαρειότητι,
501 1056 558 1098 τὰ
588 1054 637 1099 δὲ
667 1053 843 1110 ὄμματα

134 1124 266 1180 αἰδοῖ,
287 1127 339 1169 τὸ
359 1125 407 1169 δὲ
422 1134 564 1180 σχῆμα
580 1126 843 1183 σωφροσύνῃ,

134 1195 290 1254 ἐσθῆτι
321 1195 370 1240 δὲ
399 1197 539 1254 λευκῇ,

135 1382 211 1439 τὴν
258 1380 306 1424 δέ
352 1379 502 1438 ἑτέραν
541 1380 845 1439 τεθραμμένην

136 1451 216 1507 μὲν
247 1449 309 1503 εἰς
345 1450 644 1509 πολυσαρκίαν
683 1467 730 1494 τε
768 1451 844 1494 καὶ

135 1522 411 1581 ἁπαλότητα,
439 1520 846 1579 κεκαλλωπισμένην

139 1592 189 1635 δὲ
218 1593 270 1635 τὸ
299 1592 379 1647 μὲν
406 1601 579 1649 χρῶμα,
612 1593 721 1634 ὥστε
750 1592 845 1634 λευ-

135 1662 309 1719 κότερόν
354 1678 402 1705 τε
441 1662 518 1705 καὶ
563 1659 846 1718 ἐρυθρότερον

133 1738 213 1776 τοῦ
252 1730 375 1784 ὄντος
412 1731 553 1775 δοκεῖν
590 1729 844 1790 φαίνεσθαι,

135 1795 186 1845 τὸ
237 1802 286 1845 δὲ
335 1811 496 1860 σχῆμα,
548 1803 659 1844 ὥστε
705 1802 844 1844 δοκεῖν

135 1870 376 1930 ὀρθοτέραν
415 1880 490 1930 τῆς
531 1872 699 1929 φύσεως
735 1866 844 1915 εἶναι

134 1975 145 1985 .
162 1974 172 1984 .
190 1975 214 1996 .,
236 1944 625 2001 κατασκοπεῖσθαι
646 1941 695 1985 δὲ
714 1943 845 1996 θαμὰ

136 2010 290 2070 ἑαυτὴν
298 2046 309 2065 ,
362 2012 622 2056 ἐπισκοπεῖν
671 2012 719 2056 δὲ
769 2011 845 2055 καὶ

134 2079 179 2126 εἶ’
211 2098 280 2133 τις
317 2082 448 2134 ἄλλος
495 2081 626 2140 αὐτὴν
670 2086 844 2134 θεᾶται,

136 2152 354 2203 πολλάκις
370 2151 418 2195 δὲ
433 2151 509 2194 καὶ
525 2150 587 2202 εἷς
601 2154 678 2210 τὴν
693 2150 846 2209 ἑαυτῆς

135 2223 262 2265 σκιὰν
291 2220 575 2275 ἀποβλέπειν.

1217 358 1317 401 Dio:

972 440 996 493 ᾖ
1029 444 1106 484 65:
1141 433 1264 483 Ἐπεὶ
1296 440 1344 484 δὲ
1374 439 1485 497 ἑώρα
1515 442 1619 494 βου-

913 509 1086 564 λόμενον
1116 509 1257 566 ἄρχειν
1287 510 1426 554 αὐτόν.

971 710 995 763 ἓ
1019 715 1094 752 7οε
1125 708 1391 767 Καθημένην
1411 709 1456 752 ἐν
1475 709 1621 767 θρόνῳ

913 779 1102 837 λαμπρῷ
1144 781 1325 836 γυναῖκα
1368 778 1505 838 εὐειδῆ
1544 779 1620 824 καὶ

913 850 1118 908 μεγάλην,
1169 849 1325 908 ἐσθῆτι
1373 850 1500 908 λευκῇ
1550 866 1619 894 κε-

914 919 1191 978 κοσμημένην,
1211 928 1430 978 σκῆπτρον
1444 917 1621 973 ἓῇςουσαν

916 989 964 1033 οὐ
977 997 1156 1048 χρυσοῦν
1173 989 1271 1033 οὐδὲ
1287 990 1504 1047 ἀργυροῦν,
1525 983 1617 1032 ἀλλ’

917 1058 1065 1119 ἑτέρας
1095 1061 1263 1119 φύσεως
1301 1064 1504 1118 καθαρᾶς
1544 1059 1620 1104 καὶ

917 1131 1030 1174 πολὺ
1061 1129 1367 1187 λαμπροτέρας
1393 1163 1402 1173 .
1425 1164 1435 1173 .
1458 1163 1468 1173 .
1490 1131 1544 1173 τὸ
1573 1129 1621 1174 δὲ

917 1201 1155 1257 πρόσωπον
1195 1201 1379 1258 φαιδρὸν
1408 1200 1515 1255 ὁμοῦ
1546 1199 1621 1243 καὶ

916 1271 1077 1324 σεμνόν.

974 1388 1000 1440 ἓ
1034 1391 1111 1429 78:
1150 1385 1415 1444 Καθημένην
1452 1386 1623 1445 ὑψηλὴν

916 1454 1184 1513 ἐξεπίτηδες,
1246 1456 1622 1515 προσποιουμένην

917 1521 992 1564 καὶ
1042 1522 1337 1579 ἀφομοιοῦσαν
1388 1523 1518 1580 αὑτὴν
1567 1530 1622 1580 τῇ

918 1590 1150 1649 Βασιλείᾳ,
1191 1592 1305 1635 πολὺ
1335 1591 1403 1644 δὲ,
1443 1592 1500 1643 ὡς
1531 1591 1621 1635 ἐνό-

915 1662 1046 1715 μιζεν,
1079 1662 1332 1719 ὑψηλοτέρῳ
1371 1662 1446 1704 καὶ
1477 1661 1620 1718 κρείτ-

916 1748 1007 1776 τονι
1037 1741 1098 1789 τῷ
1125 1731 1271 1789 θρόνῳ
1295 1765 1304 1775 .
1328 1765 1337 1774 .
1361 1765 1371 1774 .
1394 1730 1443 1789 ἦν
1463 1731 1511 1775 δὲ
1532 1730 1619 1775 οὐδ’

917 1801 1022 1844 ἄλλο
1053 1801 1173 1844 οὐδὲν
1203 1801 1247 1844 ἐν
1277 1802 1424 1858 κόσμῳ
1455 1800 1622 1844 διακεί-

915 1888 1050 1926 μενον,
1066 1872 1175 1914 ἀλλᾶ
1186 1873 1297 1929 πρὸς
1306 1872 1435 1924 δόξαν
1445 1873 1622 1914 ἅπαντα

917 1941 993 1985 καὶ
1039 1940 1289 1995 ἀλαζονείαν
1333 1941 1409 1985 καὶ
1459 1942 1627 2000 τρυφήν

918 2045 928 2054 .
951 2045 961 2054 .
985 2045 994 2054 .
1027 2013 1197 2066 θαμινὰ
1240 2012 1288 2055 δὲ
1323 2013 1464 2069 κύκλῳ
1495 2028 1623 2070 περι-

918 2080 1073 2136 έβλεπε
1104 2115 1114 2124 .
1137 2115 1147 2124 .
1170 2114 1180 2124 .
1213 2084 1238 2139 ἡ
1270 2081 1317 2125 δὲ
1347 2081 1482 2139 ἐσθὴς
1508 2098 1623 2124 παν-

917 2152 1103 2209 τοόαπή.

135 2326 305 2378 accedit,
337 2326 444 2381 quod
466 2327 544 2369 Dio
575 2339 631 2369 or.
659 2327 765 2378 LIV,
787 2333 814 2369 4
846 2327 932 2381 ipse
963 2327 1178 2370 confitetur
1209 2339 1250 2369 se
1282 2327 1444 2370 Prodici
1474 2327 1626 2381 scripta

135 2409 215 2440 nen
254 2397 338 2439 iam
370 2397 530 2439 vidisse.
586 2398 633 2438 ut
666 2397 743 2439 Dio
773 2409 820 2438 ea
850 2410 892 2439 re
922 2409 946 2439 a
975 2397 1243 2451 Xenophonte
1274 2397 1489 2448 recederet,
1520 2397 1625 2452 quod

135 2467 310 2510 feminas
339 2467 433 2510 illas
464 2468 506 2509 in
538 2467 747 2509 montibus
777 2467 912 2510 sedere
932 2467 1124 2522 fingebat,
1155 2468 1321 2510 fortasse
1341 2468 1538 2510 adductus
1565 2468 1628 2508 est

136 2537 307 2579 Hesiodi
343 2537 526 2579 versibus
565 2537 640 2590 Op.
681 2538 723 2579 et
764 2537 812 2578 D.
846 2542 1117 2587 289—294,
1167 2550 1267 2591 quos
1304 2537 1480 2592 legimus
1519 2535 1625 2590 apud

135 2607 449 2661 Xenophontem
479 2607 600 2660 paulo
631 2608 724 2649 ante
756 2607 934 2650 fabulam
966 2607 1216 2659 Prodiceam‚
1248 2607 1306 2650 ita
1326 2609 1374 2650 ut
1395 2607 1520 2649 etiam
1551 2606 1629 2648 hoe

135 2678 319 2720 dissensu
349 2677 604 2720 necessitudo
635 2676 905 2720 confirmetur.
