1772 2936
867 98 918 135 41

151 221 282 278 magis
311 235 432 278 quam
462 222 573 265 acuti
604 234 688 264 esse
728 221 929 273 dicemus,
974 221 1134 264 honesti
1175 222 1304 278 magis
1344 235 1465 277 quam
1506 222 1637 266 nobili-

151 293 316 346 ingenio
355 293 548 347 praediti,
588 292 789 335 versatilis
826 293 956 347 magis
985 305 1108 346 quam
1138 294 1248 335 varie
1278 293 1440 335 eruditi.
1502 305 1640 346 neque*

152 362 311 406 dicendi
342 363 428 406 eius
458 365 586 406 artem
619 375 690 405 nos
710 364 825 406 tanta
845 362 1112 406 admiratione
1132 363 1297 418 dignam
1324 376 1407 406 esse
1429 365 1632 418 putamus,

152 436 302 489 quanta
331 436 496 477 veteres,
544 439 658 487 'quos
689 434 806 488 longe
837 434 958 476 aliter
988 435 1188 477 censuisse
1219 435 1362 477 multis
1388 434 1642 477 testimoniis¹

154 505 404 559 comprobari
457 506 610 559 potest,
666 503 716 545 cf.
766 516 800 546 e.
839 517 878 558 g.
929 503 1131 547 Ciceronis
1171 504 1281 547 Oiat.
1320 504 1442 555 XIX,
1489 505 1512 558 ἓ
1555 509 1639 547 62:

153 574 434 629 Xenophontis
464 586 558 616 voce
581 574 718 616 Musas
747 574 859 628 quasi
892 575 1044 616 locutas
1074 574 1223 625 ferunt,
1255 576 1296 616 et
1326 587 1427 628 quae
1460 575 1639 616 Hermo·

153 657 275 700 genes
313 643 415 701 περὶ
455 641 578 687 ἰδεῶν
607 644 669 696 II,
706 650 757 687 12
799 644 847 687 de
886 645 1154 700 Xenophonte
1197 645 1309 687 dicit.
1373 646 1449 688 Dio
1494 647 1632 688 autem

155 717 197 757 et
232 728 334 770 quae
370 716 592 770 Xenophon
634 715 736 758 dicit
767 718 808 757 et
848 717 1065 770 quomodo,
1108 717 1196 770 pari
1238 716 1354 758 modo
1394 716 1630 758 admiratur.

154 798 248 829 nam
290 798 535 841 quamquam
577 786 618 845 in
661 785 734 829 illa
774 786 952 829 oratione
991 787 1301 841 Xenophontem
1342 785 1463 843 ἀνδρὶ
1503 786 1633 830 πολι-

153 865 259 913 τικῷ
283 858 313 911 ¹)
352 857 629 907 commendat,
671 859 807 899 tamen
848 859 1013 911 apparet
1044 871 1133 899 eum
1167 859 1275 899 hunc
1315 857 1551 910 scriptorem
1582 856 1633 898 ad

154 939 293 969 omnes
332 926 439 968 vitae
471 938 565 968 usus
602 927 744 980 aptum
780 939 961 976 censere3
1001 928 1195 980 quantam
1233 926 1337 981 apud
1376 926 1509 981 ipsum
1550 925 1637 968 vim

153 997 312 1048 habeat,
344 997 422 1039 Dio
452 999 588 1050 aperte
620 996 796 1047 indicat3
833 996 929 1050 ἐμοὶ
961 1003 1058 1052 γοῦν
1088 999 1270 1039 κινεῖται
1303 997 1527 1054 ἡῦδιάνοια
1558 994 1634 1039 καὶ

154 1065 288 1109 ἐνίοτε
318 1067 488 1123 δακρύω
518 1066 679 1121 μεταξὺ
699 1067 910 1110 τοσούτων
930 1064 1062 1124 ἔργων
1082 1070 1175 1118 τοῖς
1195 1067 1337 1123 λόγοις
1364 1065 1634 1123 ἐντυγχάνων.

154 1139 351 1191 quomodo
389 1138 517 1192 igitur
562 1138 626 1187 fit,
673 1139 720 1180 ut
760 1138 837 1179 Dio
873 1139 1181 1192 Xenophontem
1228 1141 1313 1180 tam
1360 1151 1447 1180 raro
1493 1138 1639 1180 afferre

154 1208 350 1259 videatur,
382 1221 472 1250 cum
505 1208 554 1250 ad
586 1208 769 1251 Platonis
798 1209 917 1251 verba
947 1222 1134 1263 persaepe
1164 1211 1300 1263 aperte
1331 1211 1373 1251 et
1401 1209 1530 1251 celato
1561 1221 1633 1251 no-

156 1279 266 1320 mine
311 1279 496 1322 alludat?
557 1280 634 1321 nisi
681 1279 783 1321 forte
830 1279 933 1321 dicis
977 1292 1071 1321 casu
1117 1280 1158 1321 id
1206 1280 1360 1322 factum
1408 1292 1505 1321 esse.
1565 1278 1634 1320 sed

155 1348 304 1391 alludit
345 1349 422 1390 Dio
461 1349 552 1402 plus
591 1349 716 1390 semel
756 1348 805 1390 ad
845 1349 1125 1403 Xenophontis
1164 1350 1306 1399 verba,
1354 1361 1432 1391 non
1478 1348 1642 1391 adiecto

156 1420 302 1473 ὥσπερ
342 1416 425 1476 ἔφη
464 1435 551 1471 τις,
598 1419 665 1460 sed
707 1419 805 1461 satis
845 1419 1022 1461 dilucide
1061 1419 1134 1469 iis,
1180 1420 1326 1473 quibus
1355 1419 1641 1473 Xenophontis

159 1489 310 1544 scripta
340 1490 390 1532 ob
422 1490 557 1532 oculos
578 1491 798 1532 versantur.
839 1502 1036 1544 compara,
1067 1502 1168 1543 quae
1197 1490 1349 1543 partim
1381 1489 1462 1531 iam
1489 1489 1632 1531 attuli-

157 1572 258 1610 mus,
290 1559 494 1612 imprimis
524 1560 658 1601 locum
690 1559 822 1610 illum,
854 1571 932 1613 quo
963 1559 1011 1601 de
1033 1559 1217 1602 Convivii
1248 1558 1365 1601 rebus
1394 1561 1435 1601 et
1454 1558 1636 1613 personis

157 1629 235 1671 Dio
266 1629 457 1684 loquitur.

243 1711 297 1742 or.
333 1699 487 1751 LXVI,
522 1704 598 1743 27:
637 1698 747 1741 ἀλλὰ
787 1697 860 1741 καὶ
889 1699 1021 1757 μύρον
1051 1698 1118 1742 δεῖ
1148 1697 1222 1742 καὶ
1254 1696 1489 1757 αὐλητρίδα
1521 1696 1634 1754 γενέ-

155 1773 266 1812 σθαι
306 1769 381 1811 καὶ
410 1765 633 1825 μειράκιον
664 1770 822 1825 ὡραῖον
852 1769 927 1811 καὶ
962 1768 1189 1811 Φίλιππον
1229 1770 1302 1811 τὸν
1333 1769 1634 1824 γελωτοποιόν.

243 1852 299 1883 οι·.
320 1840 353 1889 I,
377 1846 423 1884 9:
455 1838 678 1897 αὐτουργοὶ
693 1847 783 1897 (τῆς
804 1837 982 1897 σοφίας,
1013 1840 1062 1883 cf.
1088 1839 1222 1895 Symp.
1244 1840 1276 1890 I,
1301 1844 1348 1882 5:
1381 1837 1637 1895 αὐτουργούς

157 1926 278 1960 τινας
307 1900 382 1965 τῆς
413 1907 677 1966 φιλοσοφίας
707 1907 844 1959 ὄντας.

244 1992 299 2022 or.
331 1980 402 2029 IV,
437 1987 510 2023 17:
542 1981 634 2033 ἅμα
665 1980 834 2037 σπουδῇ
864 1979 1124 2037 ἐπαιξάτην,
1166 1980 1216 2022 cf.
1249 1980 1386 2034 Cyrop.
1422 1980 1491 2029 VI,
1520 1988 1554 2029 1,
1588 1985 1641 2021 ὃς

155 2056 336 2092 τοιαῦτα
367 2046 549 2102 ἔπαιζον
578 2050 747 2107 σπουδῇ
777 2050 888 2105 πρὸς
918 2049 1137 2105 ἀλλήλους.

245 2132 299 2162 or.
333 2120 386 2169 11,
419 2124 497 2162 51:
548 2117 735 2175 ψελλίων
779 2134 825 2161 τε
869 2118 943 2161 καὶ
989 2127 1223 2175 στρεπτῶν,
1270 2115 1334 2160 ἔτι
1382 2117 1430 2160 δὲ
1471 2126 1638 2174 χρυσῶν

157 2189 365 2245 φαλάρων
395 2188 470 2231 καὶ
499 2189 703 2242 χαλινῶν,
743 2190 902 2243 saepius
931 2189 1036 2242 apud
1068 2190 1186 2238 Xen.,
1227 2188 1278 2230 cf.
1311 2188 1390 2229 An.
1422 2189 1453 2238 1,
1487 2195 1526 2237 2,
1559 2193 1643 2230 27:

157 2258 303 2300 ἵππον
329 2259 630 2315 χρυσοχάλινον
662 2258 737 2301 καὶ
769 2259 981 2312 στρεπτὸν
1008 2265 1186 2315 χρυσοῦν
1215 2257 1290 2300 καὶ
1323 2256 1496 2313 ψέλλια.

252 2410 288 2453 1)
311 2410 484 2455 Breitung
509 2410 593 2454 (das
618 2410 719 2445 leben
743 2410 806 2446 des
829 2410 906 2447 Dio
931 2409 1214 2458 OEwysostomus)
1249 2409 1428 2444 contendit
1451 2409 1541 2444 hanc
1565 2420 1641 2445 ora-

157 2470 297 2511 tionem,
321 2469 425 2503 immo
444 2470 628 2514 epistulam
647 2470 691 2503 ad
709 2470 895 2503 Traianum
914 2469 1094 2504 Caesarem
1115 2469 1232 2502 datam
1257 2479 1341 2510 esse,
1368 2468 1429 2502 sed
1454 2469 1509 2501 vix
1533 2471 1637 2502 recte.

156 2537 236 2562 nam
254 2526 396 2560 Dionem
416 2525 596 2578 Caesarem
616 2527 734 2574 ἄνδρα
754 2529 942 2563 πολιτικόν
965 2526 1138 2573 appellare
1163 2525 1255 2560 credi
1280 2537 1347 2561 non
1372 2527 1501 2572 potest,
1526 2525 1567 2561 ef.
1588 2537 1637 2561 or.

157 2586 175 2621 I
193 2587 230 2621 et
242 2585 307 2621 ΠΙ.
344 2587 526 2631 prepterea
550 2586 671 2621 accedo
696 2587 732 2621 in
759 2586 966 2622 sententiam
980 2586 1136 2621 aceteris
1160 2585 1422 2620 indeaValesio
1446 2585 1647 2631 probatam,

156 2645 273 2689 magni
304 2644 451 2678 nominis
475 2644 665 2678 Romanum
699 2645 970 2689 intellegendum
1003 2655 1087 2679 esse.
1137 2644 1177 2678 cf.
1204 2654 1291 2689 quae
1316 2644 1402 2678 dicit
1426 2654 1473 2678 or.
1499 2642 1645 2686 XLVII„

157 2703 222 2739 22:
254 2706 448 2748 συνηθείας
474 2705 581 2747 οὔσης
603 2705 671 2751 μοὶ
696 2705 787 2750 πρὸς
805 2705 869 2739 τὸν
899 2705 1164 2752 αὐτοκράτορα,
1189 2706 1284 2743 ’ἴσως
1321 2703 1361 2738 δὲ
1402 2705 1543 2750 φιλίας,
1577 2704 1643 2737 καὶ·

157 2764 248 2810 πρὸς
273 2765 400 2802 ἄλλους
425 2763 580 2801 πολλοὺς
605 2763 688 2801 τοὺς
713 2762 991 2803 δυνατωτάτους
1015 2763 1149 2808 σχεδόν
1174 2776 1209 2797 τι
1230 2759 1433 2809 Ἠυμαίων.
