1772 2936
853 45 907 83 28

134 168 210 211 Dio
255 170 393 222 aperte
430 167 644 210 Platonem
685 167 876 212 imitatur
914 181 1010 212 usus
1055 167 1237 223 exemplo
1282 166 1357 210 illo
1397 178 1543 210 canum
1582 168 1634 210 et

132 239 282 294 gregis,
314 239 420 292 quod
452 237 635 280 invenies
665 238 855 292 Reipubl.
877 240 953 290 ΙΙΙ,
985 244 1071 282 416
1087 240 1138 282 A.
1190 239 1318 281 bonus
1347 250 1416 280 rex
1446 237 1497 280 ad
1516 238 1634 281 Iovis

130 309 360 363 exemplum
394 308 518 359 vivit3
549 308 609 350 sic
640 308 719 351 Dio
749 309 774 363 ξ
802 316 855 353 37
889 311 930 352 et
962 309 1081 353 Plato
1112 309 1298 364 Reipubl.
1330 308 1382 359 X,
1417 308 1556 351 613A
1576 309 1621 363 ¹).

130 379 174 422 in
205 379 390 434 sequenti
422 379 600 422 sectione
622 379 714 428 Dio,
745 391 836 421 cum
861 379 910 421 de
931 380 1070 423 Minoe
1102 381 1302 434 loquatur,
1332 391 1427 422 sane
1456 379 1637 433 respicit--

132 449 331 505 Odysseae
361 465 388 492 τ
423 455 527 501 179,
574 449 643 492 sed
683 450 851 492 fortasse
897 449 1023 491 etiam
1065 450 1249 493 Platonis
1287 450 1335 493 de
1375 449 1449 492 illo
1489 449 1621 499 verba,

130 520 266 563 Minos
297 526 396 563 319.
437 521 462 574 ᾗ
493 525 547 562 42
582 520 660 562 Dio
690 520 739 561 de
771 520 921 562 mundo
959 520 1162 572 sapienter
1201 524 1244 562 et
1286 523 1393 563 recte
1431 520 1636 562 instituto-

128 591 332 644 loquitu1·‚
373 589 615 645 quibuscum
656 601 887 643 comparare
924 589 1024 631 licet
1066 589 1170 631 Plat.
1211 590 1371 632 Phileb.
1414 596 1468 633 28
1486 590 1519 632 Ε
1557 589 1622 632 vel

131 661 287 716 Legum
321 666 404 704 897
424 660 468 711 G,
516 660 588 703 ubi
633 660 788 703 similia
833 660 1033 702 dicuntur.
1084 659 1133 702 ad
1165 660 1189 714 ἓ
1221 666 1275 704 49
1323 662 1431 703 recte
1477 661 1622 715 Hagen

129 734 269 773 monet
301 731 474 773 Dionem
521 730 702 773 fabulam
748 729 865 771 illam
904 729 1084 772 similem
1125 730 1170 771 in
1213 730 1381 772 modum
1419 731 1621 780 inducere,

129 814 208 854 quo
255 801 438 843 Socrates
481 800 588 854 apud
620 800 834 842 Platonem
875 800 1010 855 Symp.
1051 806 1130 843 201
1153 800 1202 842 D.
1263 801 1306 842 in
1352 800 1490 842 fabula
1535 801 1637 854 ipsa-

130 872 208 914 Dio
226 871 436 913 Platonico
458 871 567 913 dicto
584 870 729 920 utitur,
761 883 855 913 cum
876 869 1134 924 tyrannidem
1155 870 1221 913 his
1240 870 1376 913 verbis
1397 870 1618 912 describat:

125 942 335 998 χρώματα
367 940 415 983 δὲ
445 941 714 983 παντοδαπὰ
746 938 877 998 ἠφίει,
909 941 961 983 cf.
994 940 1127 995 Lysid.
1163 946 1246 983 222
1266 941 1322 982 B:
1354 940 1635 982 παντοδαπὰ»

130 1009 249 1068 ἠφίει
278 1012 500 1064 χρώματα.

216 1081 262 1123 In
295 1093 350 1123 or.
372 1081 413 1123 II
442 1093 642 1134 perpauca
673 1080 864 1123 videntur
894 1093 992 1131 esse,
1024 1081 1173 1134 quibus
1194 1080 1271 1122 Dio
1288 1080 1500 1122 Platonem
1522 1079 1619 1121 imi-

127 1153 251 1194 tatur.
284 1152 366 1194 iam
395 1154 515 1193 antea
534 1151 658 1193 attuli
680 1151 705 1204 ἓ
726 1157 796 1200 47,
829 1151 869 1192 in
903 1164 981 1204 qua
1012 1152 1224 1193 Platonem
1255 1151 1383 1193 affert.
1417 1152 1478 1192 est
1508 1150 1635 1192 locus-

129 1221 319 1275 Reipubl.
355 1221 435 1270 ΙΙΙ,
469 1226 555 1264 404
575 1222 629 1262 B:
669 1215 803 1262 οἶσθα
846 1221 926 1276 γὰρ
958 1220 1027 1262 ὅτι
1059 1219 1136 1262 ἐπὶ
1175 1218 1405 1276 στρατείας
1444 1219 1489 1263 ἑν
1517 1222 1617 1270 ταῖς

130 1301 216 1332 τῶν
247 1291 396 1347 ἡρώιον
428 1288 668 1332 ἑστιάσεσιν
699 1288 794 1332 οὔτε
824 1288 995 1342 ἰχθύσιν
1036 1289 1190 1340 αὐτοὺς
1221 1287 1345 1346 ἑστιᾷ
1376 1289 1450 1332 καὶ
1481 1297 1618 1331 ταῦτα

132 1359 209 1403 ἐπὶ
241 1360 445 1417 θαλάττῃ
485 1359 529 1402 ἐν
556 1353 857 1416 Ἑλλησπόντῳ
897 1357 1033 1409 ὄντας.
1095 1360 1219 1402 etiam
1252 1360 1371 1402 Plato
1407 1359 1509 1401 dicit
1548 1360 1630 1401 bo-

132 1443 230 1473 num
263 1443 400 1484 regem
432 1429 697 1472 immodicum
730 1430 855 1472 risum
887 1430 1104 1484 aspernari,
1136 1430 1186 1473 cf.
1221 1429 1297 1473 Dio
1329 1430 1423 1485 §56
1457 1431 1498 1472 et
1513 1430 1618 1472 Xen.

128 1502 268 1557 Cyrop.
303 1502 426 1551 VIII,
461 1508 507 1551 1,
541 1507 619 1554 333
664 1502 780 1543 Plato
811 1501 1000 1555 Reipubl.
1034 1502 1118 1551 111,
1158 1502 1292 1544 388E
1331 1500 1417 1555 (sed
1454 1501 1502 1542 de
1542 1501 1636 1543 hoc-

127 1572 215 1614 loco
249 1571 353 1622 vide,
385 1584 486 1626 quae
518 1571 625 1614 infra
656 1571 740 1614 dixi
770 1585 810 1625 p.
842 1571 928 1626 44).

216 1641 331 1694 Quod
361 1642 439 1683 Dio
471 1642 592 1683 initio
624 1642 817 1684 orationis
847 1642 909 1684 111
941 1644 1079 1684 narrat
1099 1641 1273 1684 Socratis
1304 1641 1408 1683 illud
1438 1642 1486 1683 de
1519 1642 1633 1683 Per-⁷

125 1725 261 1754 sarum
292 1712 399 1764 regis
420 1711 673 1754 beatitudine
695 1712 864 1761 dictum,
895 1712 977 1754 iam
999 1711 1154 1765 pridem
1188 1712 1377 1753 viderunt
1397 1711 1474 1753 viri
1507 1711 1615 1753 docti

126 1782 261 1824 simile
308 1794 392 1823 esse
439 1781 528 1824 eius
573 1781 677 1835 quod
727 1782 844 1824 Plato
890 1782 933 1823 in
979 1781 1132 1836 Gorgia
1177 1795 1216 1835 p.
1258 1788 1344 1825 470
1361 1795 1418 1836 sq.
1466 1783 1613 1824 narrat.

126 1853 248 1894 verba
279 1851 356 1895 οὐκ
386 1849 469 1909 ἔφη
501 1852 550 1894 δὲ
581 1851 711 1903 αὐτὸς
740 1849 897 1895 εἰδέναι
929 1853 1003 1895 διὰ
1033 1853 1084 1895 τὸ
1113 1853 1173 1910 μὴ
1194 1850 1477 1908 συγγενέσθαι
1500 1851 1634 1908 αὐτῷψ

125 1922 175 1965 ad
207 1923 375 1965 verbum
407 1923 489 1964 fere
521 1922 696 1976 repetita
731 1925 826 1965 sunt
857 1936 905 1965 ex
935 1923 1111 1965 Socratis
1141 1936 1347 1978 responso:
1387 1921 1463 1964 οὐκ
1502 1917 1614 1975 οἶδα,

125 1991 160 2034 ὦ
181 1993 322 2040 Πιῡλε,
354 1992 403 2035 οὐ
424 1992 506 2048 γάρ
538 2009 611 2034 πω
632 1992 861 2048 συγγέγονα
893 1993 957 2049 τῷ
987 1991 1122 2050 ἀνδρί.
1166 1995 1243 2035 Dio
1275 1994 1359 2048 ipse
1391 2007 1464 2036 sua
1493 1994 1614 2036 verba

124 2064 275 2117 repetit
306 2075 362 2106 or.
396 2063 476 2113 IV,
520 2071 570 2106 17
615 2063 664 2105 de
697 2064 923 2106 Alexandro
942 2065 990 2118 2).
1052 2066 1257 2117 praeterea
1295 2064 1339 2106 in
1379 2077 1471 2118 rege
1512 2065 1633 2106 bono-

125 2237 168 2273 de
193 2238 371 2273 sententia
396 2240 457 2273 ἵνα
482 2238 576 2279 δέος,
603 2239 694 2273 ἔνθα
719 2241 780 2273 καὶ
806 2239 918 2279 αἰδώς
943 2238 1226 2285 disputationem,
1253 2250 1340 2285 quae
1359 2241 1452 2275 certe
1474 2251 1542 2275 non
1560 2242 1615 2276 est

126 2297 162 2330 in
186 2297 281 2340 Ione,
306 2300 348 2331 ut
373 2298 426 2331 vir
450 2297 574 2332 doctus
599 2309 661 2343 per
685 2309 833 2332 errorem
859 2299 955 2341 dicit,
981 2298 1042 2333 sed
1066 2298 1307 2344 Euthyphron.
1333 2299 1378 2333 12
1392 2299 1429 2334 C.

220 2356 257 2398 1)
281 2355 331 2392 Cf.
358 2356 539 2391 verborum
565 2355 848 2391 similitudinem:
873 2360 935 2392 καὶ
960 2357 1186 2401 ἐπιτηδεύω
1210 2358 1339 2404 ἀρετὴν
1363 2361 1413 2397 εἰς
1438 2358 1526 2394 ὅσον
1546 2359 1611 2394 δυ-

125 2416 236 2448 νατὸν
261 2416 446 2462 ἀνθρώπῳ
471 2417 698 2461 ὁμοιοῦσθαι
723 2416 805 2459 θεῷ.

218 2472 256 2515 2)
279 2472 396 2508 Unum
420 2473 534 2508 locum
559 2472 812 2508 emendationis
837 2485 941 2508 causa
964 2473 1215 2519 praetereundo
1241 2476 1393 2518 tangam.
1431 2476 1487 2509 est
1511 2475 1531 2519 ξ
1555 2475 1630 2516 28,.

123 2530 183 2565 ubi
207 2531 359 2565 editores
384 2531 488 2566 verba
515 2526 615 2566 οὗτοι
641 2532 712 2579 γὰρ
739 2532 888 2577 ὑγιεινοὶ
912 2534 1108 2567 καλοῦνται
1134 2535 1256 2580 ἰατροί
1278 2534 1342 2567 aut
1366 2532 1527 2567 delerunt
1550 2534 1613 2567 aut

126 2591 320 2625 mutarunt.
370 2590 529 2636 equidem
561 2590 754 2625 Iacobsium
791 2602 907 2625 verum
945 2592 1143 2626 restituisse
1173 2594 1277 2637 puto,
1315 2603 1392 2627 cum
1427 2592 1611 2627 scriberet:

123 2650 319 2682 καλοῦνται
351 2652 413 2683 καὶ
448 2652 621 2695 ἰατρικοί,
656 2649 698 2683 cf.
724 2649 860 2684 Platon.
887 2650 990 2684 Polit.
1017 2650 1086 2685 299
1099 2649 1232 2695 Bsqq.,
1267 2650 1327 2695 qui
1360 2650 1540 2694 coniungit
1572 2652 1632 2685 τό,

125 2718 161 2741 τε
189 2708 350 2755 ἰατρικὸν
373 2710 435 2742 καὶ
462 2709 503 2742 τὸ
532 2709 698 2754 ὑγιεινὸν,
726 2708 809 2744 οὐδὲ
836 2710 877 2743 τὸ
901 2710 1150 2755 κυβερνητικὸν
1173 2712 1234 2744 καὶ
1260 2710 1439 2744 ναυτικόν.
