1772 2936
870 87 921 125 77

159 208 281 262 cipit:
321 208 393 252 καὶ
435 207 574 251 τοίνυν
612 210 686 267 τὴν
725 208 802 264 μὲν
842 207 1036 267 ἀνδρείαν
1075 208 1150 252 καὶ
1181 210 1256 268 τὴν
1287 208 1534 267 ἐγκράτειαν
1564 209 1639 253 καὶ

158 280 232 336 τὴν
262 280 464 338 φρόνησιν
502 278 737 335 ἀναγκαίας
774 278 933 334 νομίζει
974 279 1049 323 καὶ
1088 283 1181 330 τοῖς
1221 280 1423 334 ἀμελοῦσι
1463 288 1540 323 τοῦ
1569 281 1637 323 δι-

161 347 297 404 καίου,
329 350 543 404 suspiceris
573 363 665 392 eum
697 352 815 392 antea
845 351 894 392 de
925 351 1057 392 tribus
1088 350 1175 392 illis
1205 350 1427 393 virtutibus
1457 351 1644 394 locutum«

159 433 253 462 esse.
301 421 406 474 quod
427 434 521 463 sane
542 421 651 472 fecit,
684 421 834 463 scilicit
855 423 878 475 ξ
903 428 1059 471 3--11,
1090 421 1161 463 ubi
1183 422 1291 463 intra
1311 422 1430 463 breve
1460 422 1643 475 spatium·

157 490 221 532 bis
253 491 410 533 easdem
442 491 614 533 virtutes
645 491 840 542 nominat,
874 492 897 546 ξ
933 496 1043 534 6-—7
1077 493 1119 533 et
1150 492 1173 545 ξ
1208 496 1285 541 10;
1331 491 1389 533 sic
1419 491 1543 534 etiam
1575 491 1641 534 bis

157 561 200 601 in
231 562 306 602 hac
335 563 462 614 parte,
495 563 518 614 ξ
552 568 605 604 58
635 564 676 603 et
698 567 765 604 60.
828 562 1005 604 eiusdem
1038 563 1173 604 autem
1206 562 1437 615 argumenti
1467 562 1639 617 vestigia

158 631 273 674 nobis
304 632 346 673 in
379 632 524 674 Dionis
554 646 609 675 or.
643 633 759 675 LXII
790 636 1016 683 occurrunt,
1048 646 1167 687 quam
1201 632 1248 674 de
1272 633 1416 674 Arnim
1448 633 1508 686 (in
1532 633 1636 674 Her-

158 713 246 743 mae
279 701 354 742 vol.
386 702 541 755 XXVI)
583 705 766 745 accurate
798 703 1086 757 interpretatus
1125 703 1246 745 dicit:
1292 702 1400 753 „Ich
1446 702 1554 744 halte
1598 717 1640 744 es

156 771 268 812 nicht
296 772 372 824 fiir
401 773 646 827 unmoylich‚
679 774 765 826 dass
795 774 861 816 die
891 774 937 815 in
968 787 1024 816 or.
1048 775 1160 816 LXII
1190 772 1660 826 zusammenyestelltenff

157 842 292 884 stricke
321 856 417 885 zum
446 843 520 885 teil
549 844 661 886 einer
689 844 886 897 frit'heren
907 845 1119 886 recension
1140 844 1214 886 der
1245 843 1400 885 dritten
1431 844 1528 885 rede
1558 857 1637 885 an-

154 913 329 966 yeho‘ren
360 915 417 972 (p2
449 916 562 969 390).
625 915 692 956 sed
732 928 830 968 opus
870 916 930 957 est
970 916 1098 957 denuo
1137 915 1179 956 in
1223 928 1312 956 eam
1353 915 1556 967 inquirere
1598 917 1639 956 et

157 983 317 1038 longius
348 985 423 1026 hac
450 984 518 1026 via
548 984 747 1040 progredi.

245 1055 478 1097 Orationem
508 1054 772 1113 ἅκεφάλαιον
802 1054 876 1098 καὶ
908 1054 1129 1098 ἀτέλεστον
1159 1068 1243 1097 esse
1275 1056 1322 1096 de
1351 1055 1499 1098 Arnim
1530 1057 1638 1097 recte

157 1125 457 1167 animadvertit.
519 1138 566 1167 ac
597 1138 647 1167 ne
678 1125 814 1168 omnia
844 1127 1034 1179 repetam,
1066 1138 1165 1179 quae
1199 1125 1260 1167 vir
1288 1125 1357 1166 ille
1380 1125 1521 1167 doctus
1552 1125 1644 1166 iam

157 1195 281 1244 dixit,
324 1196 562 1237 enumerabo
600 1195 729 1237 solum
762 1208 828 1237 eos
858 1196 984 1245 locos,
1026 1195 1172 1249 quibus
1214 1207 1383 1236 conexus
1422 1194 1534 1236 hiare
1575 1194 1636 1236 vi-

158 1264 285 1309 detur.
346 1268 463 1308 sunt:
497 1267 520 1319 §
553 1271 576 1307 2
610 1260 738 1318 οἶκον,
781 1268 804 1320 ἓ
838 1272 861 1308 3
895 1264 1078 1318 δέδοικε,
1123 1267 1147 1319 ἓ
1180 1271 1203 1308 3
1237 1265 1436 1318 σώζοντι,
1478 1267 1502 1319 ξ
1536 1272 1561 1307 4
1594 1265 1645 1307 in-

158 1335 248 1386 flue,
282 1338 305 1390 ξ
339 1344 361 1379 7
394 1340 580 1388 θεατῶν,
614 1339 637 1391 ἓ
671 1344 692 1379 7
726 1337 1044 1394 μαλακώτερος.
1106 1336 1173 1378 sed
1206 1336 1429 1387 videamus,
1462 1336 1556 1391 quid
1590 1335 1638 1378 de

162 1407 226 1449 his
255 1407 442 1449 frustulis
473 1408 711 1450 censendum
745 1407 809 1450 sit,

247 1478 522 1532 Sardanapalli
553 1479 735 1532 exemplo
765 1479 1003 1532 probantur,
1049 1491 1150 1532 quae
1191 1478 1271 1519 Dio
1309 1477 1410 1519 dicit
1449 1479 1473 1531 ξ
1508 1484 1596 1519 1--
1611 1484 1645 1520 2v

158 1542 296 1598 οἶκον;
341 1548 391 1591 ad
431 1549 595 1591 eandem
638 1549 881 1591 sententiam
923 1549 1099 1603 pertinet
1139 1550 1162 1602 ἓ
1197 1554 1218 1591 7
1253 1547 1348 1590 οὔτε
1378 1549 1457 1604 γὰρ
1488 1546 1638 1606 ἄφρων

158 1618 259 1671 κτλ,
306 1632 428 1672 quare
469 1620 697 1673 coniungas,
726 1633 819 1661 cum
856 1621 879 1672 ξ
914 1626 1024 1661 1-2
1058 1613 1185 1669 οἶκον,
1228 1621 1251 1672 ἓ
1285 1627 1307 1661 7
1341 1617 1435 1660 οὔτε
1465 1620 1544 1673 γὰρ
1580 1643 1635 1648 -

157 1688 473 1745 μαλακώτερος,
505 1690 594 1731 tum
618 1690 641 1743 ἓ
665 1695 777 1732 5-7
800 1691 984 1731 θεατῶν.
1045 1688 1135 1730 vide
1158 1687 1354 1742 quomodo
1375 1688 1614 1731 cohaereant
1625 1703 1645 1730 :r

159 1772 273 1802 mens
303 1760 482 1802 hominis
513 1760 706 1813 sapientis
736 1772 874 1801 omnes
903 1772 1040 1813 regere
1070 1761 1214 1813 potest,
1247 1760 1271 1815 ἡ
1292 1758 1339 1800 δὲ
1359 1766 1435 1800 τοῦ
1465 1758 1635 1815 ἄφρο-

158 1844 245 1880 νος
284 1827 381 1871 οὐδὲ
422 1825 466 1871 ἓν
504 1837 629 1884 σῶμα
662 1840 727 1872 .’..
760 1829 938 1872 δύναται
979 1828 1209 1887 φυλάττειν
1248 1826 1344 1871 οὐδὲ
1382 1826 1456 1871 ἕνα
1503 1823 1634 1872 οἶκον.

158 1898 252 1941 οὔτε
282 1901 360 1956 γὰρ
393 1899 578 1957 ἄφρων
607 1901 806 1954 βασιλεὺς
837 1897 960 1942 ἔσται
991 1899 1118 1952 ποτὲ,
1151 1898 1199 1941 οὗ
1227 1899 1389 1954 μᾶλλον
1419 1899 1445 1956 ἢ
1474 1899 1647 1957 τυφλὸς

157 1970 320 2028 ἡγεμὼν
359 1969 459 2013 ὁδοῦ
497 1962 646 2026 γένοιτ’
690 1970 741 2013 ἄν
781 1971 880 2025 (1)ἰο
911 1971 1072 2013 disertis
1101 1971 1233 2013 verbis
1263 1970 1486 2024 imaginem
1516 1983 1643 2024 supra

158 2042 382 2083 enarratam
415 2042 609 2097 respicit).
670 2042 768 2083 haec
798 2041 1000 2084 sententia
1031 2040 1210 2094 exemplo
1231 2040 1507 2094 Sardanapalli
1537 2040 1635 2082 illu-

157 2113 320 2161 stratur,
353 2113 394 2153 et
424 2111 528 2165 quod
560 2124 678 2165 supra
709 2111 833 2154 dixit:
866 2110 960 2153 οὔτε
981 2110 1129 2169 ἄφρων
1147 2111 1347 2165 βασιλεὺς
1368 2107 1491 2153 ἔσται
1513 2109 1643 2163 ποτέν

157 2180 263 2222 idern
296 2181 424 2223 simili
457 2182 572 2224 modo
603 2181 651 2223 de
683 2181 964 2236 Sardanapallo
995 2181 1164 2235 repetit:
1194 2178 1419 2236 βασιλείας
1449 2179 1496 2223 δὲ
1516 2179 1647 2223 οὐδὲν·

157 2248 205 2307 ἦν
236 2249 350 2307 αὐτῷ
383 2259 607 2308 προςῆκον,
640 2250 687 2294 οὗ
716 2252 881 2305 μᾶλλον
911 2252 1041 2309 ἢτῶν
1071 2250 1326 2308 σηπομένων
1355 2250 1438 2293 τινὶ
1468 2260 1635 2307 νεκρῶν.

246 2321 384 2375 Atque
415 2322 514 2363 haec
535 2321 742 2364 hactenus.
783 2322 826 2363 in
855 2321 934 2363 fine
957 2323 981 2375 ξ
1002 2327 1029 2363 4
1050 2321 1171 2364 verba
1192 2313 1284 2363 ἀλλ’
1310 2320 1425 2375 ὅμως
1444 2327 1637 2364 τοιοῦτον

156 2390 203 2432 ’ὃν
234 2389 409 2432 πάντων
436 2391 743 2444 χαλεπώτατον
784 2390 975 2449 πέφυκεν
1013 2392 1163 2433 iniuria
1193 2391 1241 2433 de
1274 2391 1421 2433 Arnim
1451 2391 1505 2433 iis
1534 2404 1646 2445 quaer

157 2460 399 2503 antecedunt
429 2461 700 2504 contradicere
733 2464 863 2516 putat.
904 2462 954 2504 τὸ
976 2462 1106 2504 αὑτοῦ
1125 2464 1296 2518 κρατεῖν
1317 2462 1424 2503 enim
1451 2461 1638 2516 quamvis

158 2529 565 2587 ἅπραγμονέστατον
595 2530 669 2574 καὶ
699 2531 1038 2575 ἀκινδυνώτατον
1058 2534 1195 2574 tamen
1219 2531 1531 2585 χαλεπώτατον
1561 2535 1643 2574 est„

157 2614 259 2656 quae
288 2602 490 2644 sententia
520 2603 742 2655 explicatur
773 2604 798 2656 ξ
831 2608 875 2644 2:
916 2600 956 2645 οἳ
994 2601 1072 2655 μὲν
1106 2603 1186 2659 γὰρ
1218 2600 1375 2644 πολλοὶ
1405 2602 1517 2644 mk:
1556 2614 1636 2643 non

157 2672 292 2727 inopia
349 2672 532 2714 homines
581 2672 774 2726 impedit,
832 2673 1047 2727 quominus
1105 2685 1147 2715 se
1191 2673 1283 2728 ¹ipsi
1332 2675 1495 2727 regant,
1567 2672 1643 2714 sed

158 2755 284 2796 copia.
