1772 2936
817 25 893 97 v35

216 183 314 227 Post
333 183 517 238 Anytum
540 181 589 224 de
610 181 766 237 Lysicle
789 181 866 225 Dio
898 181 1097 237 loquitur:
1128 178 1166 224 εἶ
1197 179 1245 224 δὲ
1264 181 1481 225 Λυσικλεῖ
1510 181 1608 224 δια-

127 252 314 310 λέγοιτο,
362 251 595 311 προβάτων
639 250 715 294 καὶ
760 252 980 310 καπήλων.
1049 252 1216 306 respicit
1267 251 1346 294 Dio
1395 252 1471 294 hoc
1520 251 1609 294 loco

127 323 343 366 Aeschinis
382 322 615 376 Aspasiam,
661 323 709 364 ut
748 320 789 364 C.
821 322 866 364 F.
899 322 1108 364 Hermann
1147 335 1185 375 p.
1222 328 1273 364 17
1321 322 1460 365 docuit
1498 335 1608 364 com-

126 395 266 449 parato
291 392 504 436 Plutarchi
531 391 678 435 Pericl.
699 406 733 435 c.
757 398 826 435 24.
890 393 1097 435 Hermann
1129 392 1249 435 verba
1280 392 1512 450 προβάτων
1531 391 1608 436 καὶ

126 464 336 522 καπήλων
357 463 520 513 delevit,
543 475 636 505 cum
657 475 703 505 ea
723 465 819 506 nata
840 476 925 506 esse
955 465 1136 506 censeret
1166 475 1214 505 ex
1233 463 1474 517 glossemate
1495 479 1607 520 προ-

127 533 436 592 βατοκαπήλῳ,
459 535 501 575 et
516 546 586 588 pro
602 533 654 576 iis
672 533 833 576 induxit
854 532 957 591 περὶ
973 531 1135 589 ἀμνίων
1150 532 1225 576 καὶ
1247 532 1414 576 κωδίων
1430 531 1610 588 (ἀμνίων

127 617 198 659 pro
228 603 378 647 tradito
409 601 623 659 ἂμιδίων).
685 603 753 646 sed
785 601 933 658 ἀμνίον
964 616 1043 646 non
1074 605 1136 646 est
1165 603 1306 658 pellis,
1337 617 1465 659 neque
1496 620 1608 662 προ-

126 673 433 732 βατοκάπηλος
464 687 556 717 cum
587 671 762 724 κωδίοις
793 674 1097 729 coniungendas
1127 676 1197 717 est.
1258 676 1463 728 praeterea
1493 674 1608 729 equi-

130 745 222 787 dem
253 757 331 787 non
362 746 460 799 puto
491 743 801 798 interpolatione
832 744 931 786 haec
962 745 1049 786 orta
1079 756 1175 786 esse.
1238 757 1331 787 cum
1351 744 1501 800 Anyto,
1531 744 1610 787 sci·

127 816 226 858 licet
250 813 510 873 βυρσοδέψῃ,
543 814 786 870 colloquitur
815 814 998 858 Socrates
1029 813 1130 872 περὶ
1149 813 1339 872 βυρσέων
1358 813 1435 858 καὶ
1454 830 1608 858 σκυτο-

127 886 280 940 τόμων,
322 898 414 928 cum
454 885 612 940 Lysicle
652 885 1038 943 προβατοκαπήλῳ
1080 885 1128 926 de
1167 897 1245 939 qua
1275 898 1318 927 re
1349 898 1485 928 censes
1514 898 1607 928 eum

128 957 264 1012 aptius
303 956 546 999 collocutum
590 968 673 998 esse
712 969 832 1010 quam
873 954 975 1013 περὶ
1015 956 1455 1014 προβατοκαπήλωνῗ
1515 969 1613 1011 ergo

128 1026 359 1084 προβάτων
409 1025 484 1069 καὶ
535 1025 743 1084 καπήλων
793 1028 1025 1081 corruptum
1075 1026 1233 1069 videtur
1284 1013 1332 1069 eit
1383 1029 1609 1084 προβατο-

129 1098 336 1155 καπήλων
380 1096 456 1139 καὶ
502 1130 512 1139 .
536 1130 545 1139 .
568 1130 578 1139 .
601 1130 611 1139 .
659 1097 789 1150 (deest
833 1097 944 1139 aliud
992 1097 1230 1140 vocabulum
1281 1097 1430 1139 similis
1479 1097 1610 1151 signi-

128 1167 354 1223 ficationis).

218 1237 408 1293 Sequitur
437 1237 548 1280 locus
579 1237 869 1280 difficillimus:
909 1237 1088 1280 Λύκωνι
1128 1236 1177 1280 δὲ
1216 1238 1347 1280 δικῶν
1376 1237 1453 1281 καὶ
1482 1253 1610 1281 συκο-

129 1307 418 1364 φαντημάτων
456 1307 531 1349 καὶ
570 1305 752 1361 ἆμιδίων
791 1306 867 1350 καὶ
906 1305 1084 1349 κωδίων.
1145 1321 1191 1350 ac
1228 1308 1409 1362 primum
1446 1308 1609 1363 quidem

130 1391 150 1419 e
182 1379 268 1420 tota
299 1377 378 1420 loci
419 1378 553 1420 indole
584 1380 749 1431 apparet
779 1378 857 1420 duo
888 1378 1037 1420 ultima
1066 1378 1260 1420 vocabula
1289 1379 1339 1419 ab
1369 1378 1608 1420 anteceden-

128 1448 241 1490 tibus
270 1447 512 1490 secernenda
542 1460 638 1490 esse.
700 1447 748 1489 de
788 1448 944 1502 Lycone
984 1447 1092 1489 nihil
1127 1448 1259 1489 adhuc
1298 1448 1462 1498 scimus,
1502 1447 1608 1502 quod

128 1517 178 1560 ad
217 1518 324 1560 hunc
361 1518 496 1560 locum
537 1518 637 1560 bene
678 1517 848 1571 quadret
880 1517 1017 1571 (Plato
1049 1518 1168 1571 Apol.
1201 1524 1255 1559 23
1278 1519 1332 1559 E:
1369 1518 1533 1560 Λύκων
1562 1516 1611 1560 δὲ

131 1586 224 1644 [μοὶ
255 1585 462 1642 ἐπέθετο]
495 1586 597 1646 περὶ
627 1595 713 1630 τῶν
734 1586 950 1646 ρητόρων).
991 1587 1274 1642 improbabilis
1302 1590 1363 1630 est
1384 1588 1611 1631 Hermanni

128 1659 375 1709 coniectura,
416 1660 487 1713 qui
528 1659 728 1713 Lyconem
770 1659 870 1700 item
910 1659 954 1699 in
985 1659 1154 1712 Aspasia
1184 1659 1308 1700 fuisse
1352 1659 1474 1709 dicit,
1515 1671 1609 1700 nam

128 1729 310 1772 videmus
340 1729 524 1784 Anytum
555 1730 596 1770 et
627 1729 844 1770 Menonem
876 1741 955 1771 non
987 1741 1034 1770 ex
1065 1729 1204 1771 eodem
1237 1728 1397 1782 dialogo
1427 1729 1611 1784 sumptos

129 1812 225 1841 esse.
287 1800 335 1840 de
366 1798 642 1840 Wilamowitz
683 1798 803 1840 verba
842 1796 1027 1851 ἆμιδίων
1066 1798 1138 1840 καὶ
1176 1796 1346 1840 κωδίων
1384 1799 1435 1840 ab
1480 1799 1609 1841 inter-

127 1869 305 1922 polatore
335 1867 562 1909 comoediae
593 1864 757 1909 Atticae
787 1880 911 1922 gnaro
941 1867 991 1909 ad
1022 1881 1081 1918 ea,
1111 1881 1211 1923 quae
1243 1867 1292 1909 de
1313 1868 1470 1923 Lycone
1501 1868 1610 1911 dicta

128 1940 245 1988 sunt,
275 1938 413 1980 addita
443 1950 527 1979 esse
558 1938 745 1980 censebat
775 1939 819 1979 in
850 1938 1027 1980 Hermae
1057 1938 1134 1980 vol.
1170 1938 1260 1987 VH,
1302 1943 1399 1980 143.
1460 1937 1530 1978 sed
1559 1950 1612 1978 ne

128 2009 204 2051 hoc
235 2007 398 2064 quidem
430 2007 534 2049 mihi
564 2008 710 2062 placet.

216 2079 379 2133 Optime
418 2080 553 2121 autem
595 2092 687 2120 cum
728 2079 803 2120 hoc
843 2078 929 2120 loco
959 2079 1013 2119 H.
1045 2078 1224 2120 Dittmar
1255 2078 1475 2120 contulisse
1504 2078 1609 2120 mihi

127 2149 287 2192 videtur
327 2149 527 2191 Athenaei
566 2148 701 2192 locum
737 2148 786 2199 V,
822 2161 859 2203 p.
900 2153 984 2191 220
1000 2147 1060 2191 A:
1106 2146 1149 2190 ἐν
1179 2146 1259 2203 μὲν
1299 2157 1358 2205 τῷ
1398 2147 1609 2205 Τηλαύγει

129 2252 138 2260 .
161 2252 171 2260 .
193 2251 203 2261 .
235 2220 308 2261 τὸν
353 2218 400 2261 δὲ
450 2219 672 2277 Τηλαύγην
717 2217 846 2260 αὐτὸν
891 2216 1065 2272 ἱματίου
1109 2217 1189 2272 μὲν
1233 2218 1455 2275 φορήσεως
1500 2214 1607 2260 καθ’

127 2287 286 2346 ἡμέραν
335 2288 595 2345 ἦμιωβόλιον
644 2290 798 2347 γναφεῖ
847 2288 1048 2331 τελοῦντα
1107 2289 1271 2342 μισθὸν
1329 2285 1507 2344 κωδίῳ
1561 2287 1611 2331 δὲ

127 2356 360 2413 ἐζωσμένον
400 2357 477 2401 καὶ
507 2360 562 2401 τὰ
593 2359 854 2417 ὑποδήματα
885 2355 1120 2414 σπαρτίοις
1160 2356 1380 2416 ε’ννημένον
1420 2361 1613 2416 σαπροῖς

128 2462 138 2472 .
161 2462 171 2472 .
188 2462 199 2472 .
221 2428 410 2487 διαγελᾷ.
453 2429 583 2483 quid?
623 2442 755 2473 nonne
786 2442 879 2472 cum
906 2430 1096 2484 Telauge,
1126 2429 1291 2471 homine
1322 2429 1611 2480 sordidissimo,

128 2499 310 2543 Socrates
340 2499 465 2541 etiam
497 2501 545 2541 de
581 2500 750 2559 matulis
788 2499 964 2554 colloqui
1003 2500 1169 2555 potuit?
1229 2512 1350 2555 quare
1389 2499 1611 2542 tenendum

128 2582 268 2613 censeo
298 2567 480 2623 ἀμιδίων
509 2571 602 2620 (vox
631 2583 656 2613 a
685 2570 805 2614 Sexto
836 2570 1041 2624 Empirico
1071 2572 1281 2624 usurpata,
1313 2570 1362 2613 cf.
1396 2569 1445 2612 de
1475 2569 1609 2613 Wila-

127 2641 289 2685 mowitz
319 2641 344 2684 l.
378 2640 407 2683 1.
437 2653 475 2694 p.
511 2646 609 2691 144,
642 2644 685 2696 2)
728 2644 771 2684 et
808 2643 899 2695 post
927 2641 1321 2699 συκοφαντημάτων
1350 2641 1610 2684 inserendum

133 2711 341 2771 Τηλαύγει
371 2709 431 2765 δὲ,
462 2708 645 2766 ἇμιδίων
674 2710 959 2754 καῖκωδίων.

1274 2782 1323 2817 3*
1364 2805 1368 2809 -
