1772 2936
850 36 905 75 22

132 157 333 213 Delphico
375 158 470 202 illo:
518 163 658 216 γνῶθι
702 160 860 204 σαυτόν
898 160 1024 213 dicit,
1069 162 1225 206 similia
1263 165 1359 207 sunt
1402 162 1476 213 iis,
1521 174 1622 218 quae

133 229 310 284 Apomn.
348 229 429 280 IV,
474 235 524 280 2,
572 235 691 273 24-
708 236 764 275 30
811 230 860 273 de
906 230 1016 274 dicto
1059 232 1135 276 illo
1179 232 1361 277 Socrates
1403 232 1558 288 profert
1575 233 1621 288 ¹).

133 302 160 354 ξ
193 305 248 344 28
281 299 455 356 denique
488 300 691 356 Diogenes
721 314 781 352 ea,
811 314 914 356 quae
943 301 1131 354 calleant,
1161 304 1348 348 homines
1377 303 1502 347 etiam
1533 304 1622 347 sine

132 370 295 412 oraculo
325 369 457 412 facere
487 383 603 424 posse
641 371 767 422 dicit,
807 383 978 426 quatum
1019 384 1113 415 vero
1143 386 1280 416 rerum
1311 373 1496 428 imperiti
1524 372 1622 424 sint,

133 452 183 483 ne
214 440 289 483 deo
319 440 487 484 iubente
518 441 705 496 quidem;
736 441 980 496 quibuscum
1011 454 1218 497 compares
1237 439 1413 498 Apomn.
1444 444 1478 495 l,
1512 450 1550 494 1,
1584 450 1624 494 9,

132 522 211 565 quo
242 510 329 553 loco
367 509 551 554 Socrates
590 511 765 554 nefarIos
804 523 871 554 eos
905 511 1101 566 appellat,
1144 514 1215 568 qui
1245 527 1269 556 a
1307 514 1380 557 deo
1418 516 1623 570 quaerant,

134 593 238 634 quae
268 581 348 635 ipsi
379 582 539 635 assequi
570 582 737 635 possint.
1589 622 1595 635 ,

225 651 286 693 De
317 651 567 694 orationibus
606 651 800 706 septima,
839 651 1077 703 undecima,
1118 652 1357 696 duodecima
1396 653 1502 696 nihil
1541 639 1625 696 fere

134 721 277 771 habeo,
308 720 413 775 quod
434 721 484 762 ad
504 721 816 774 Xenophontem
839 721 1023 771 referam,
1055 722 1234 776 exceptis
1254 723 1324 773 eis,
1355 735 1457 777 quae
1478 723 1624 778 Hagen

134 791 185 833 ad
226 790 505 834 duodecimam
547 791 705 833 attulit.
766 792 790 845 ἓ
822 796 876 834 32
919 792 997 834 Dio
1036 791 1146 834 idem
1186 792 1358 847 repetit,
1398 793 1504 848 quod
1542 794 1625 836 iam

134 874 192 904 or.
212 862 289 913 111,
324 866 497 905 75-80
518 861 704 915 protulit,
735 861 833 904 anni
854 863 1036 916 tempora
1065 874 1089 905 a
1109 862 1172 905 dis
1202 863 1404 917 sapienter
1432 863 1625 907 instituta

134 945 220 975 esse
251 932 360 986 (vide
391 944 430 986 p.
464 937 518 975 18
551 936 593 973 et
625 931 768 986 Hagen
799 944 838 986 p.
872 933 958 986 30).
1009 932 1059 974 ad
1079 933 1104 986 ἓ
1125 939 1179 976 39
1213 933 1356 988 Hagen
1387 933 1496 976 inter
1524 934 1626 977 alios

133 1002 308 1046 aliorum
348 1002 592 1055 scriptorum
631 1002 738 1044 locos
769 1002 946 1044 contulit
985 1003 1158 1055 Apomn.
1190 1003 1261 1054 IV,
1294 1008 1343 1054 4,
1379 1009 1456 1046 19:
1498 1005 1623 1061 παρὰ

134 1079 273 1116 πᾶσιν
303 1071 563 1128 ἀνθρώποις
593 1080 768 1128 πρῶτον
785 1070 1007 1126 νομίζεται
1027 1073 1157 1124 θεοὺς
1177 1072 1317 1128 σέβειν
1337 1074 1499 1129 (Hagen
1519 1088 1560 1128 p.
1583 1081 1624 1125 4,

133 1156 174 1186 n.
196 1144 251 1198 1).
312 1145 355 1185 et
383 1155 485 1197 quae
514 1142 591 1184 Dio
611 1143 635 1196 ἓ
657 1148 711 1186 59
735 1143 783 1185 de
804 1145 891 1185 arte
923 1142 1038 1193 dicit,
1069 1143 1223 1185 similia
1253 1146 1360 1186 recte
1383 1144 1514 1187 eidem
1531 1158 1568 1187 v.
1585 1145 1625 1189 cl.

135 1213 378 1255 videbantur
408 1213 460 1254 iis
480 1225 583 1265 quae
604 1212 788 1254 Socrates
809 1213 983 1266 Apomn.
1005 1213 1079 1263 ΠΙ,
1106 1218 1172 1263 10,
1196 1219 1307 1257 1—5
1332 1214 1380 1256 de
1400 1214 1624 1268 pictoribus

135 1284 288 1337 profert
318 1283 480 1336 (Hagen
512 1295 550 1336 p.
586 1284 671 1336 72).

253 1353 434 1396 Oration.
466 1352 593 1402 XIII,
626 1358 679 1395 21
715 1353 794 1395 Dio
828 1352 1083 1395 Palamedem
1122 1352 1260 1404 affert,
1302 1354 1374 1407 qui
1404 1366 1428 1395 a
1458 1352 1625 1396 Graecis

132 1423 374 1468 interfectus
403 1425 484 1473 est,
521 1424 626 1478 quod
657 1436 724 1465 eos
754 1424 1017 1477 sapientiores
1046 1422 1247 1476 reddidit3
1279 1423 1418 1466 confer
1447 1425 1621 1477 Apomn.

132 1494 205 1544 IV,
238 1499 278 1544 2,
311 1499 366 1536 33
398 1493 495 1535 huic
525 1493 799 1535 simillimum.
847 1493 1026 1535 eiusdem
1058 1494 1250 1535 orationis
1279 1495 1375 1547 §24
1408 1495 1623 1536 Persarum

131 1563 298 1617 quidam
320 1575 408 1605 mos
429 1564 768 1605 commemoratur
788 1563 954 1605 fortasse
972 1563 1094 1605 Dioni
1115 1565 1235 1605 notus
1255 1576 1277 1604 e
1292 1564 1433 1618 Cyrop.
1450 1565 1482 1614 I,
1504 1569 1543 1612 2,
1570 1570 1621 1606 16

132 1634 196 1676 vel
218 1632 330 1682 VIII,
365 1639 403 1682 1,
436 1637 506 1674 42.
550 1632 686 1673 Persis
707 1632 815 1673 enim
838 1634 957 1685 turpe
988 1633 1050 1673 est
1080 1644 1214 1674 coram
1244 1633 1407 1686 publico
1439 1645 1622 1687 expuere.

131 1702 236 1745 alter
266 1714 354 1745 mos
383 1714 408 1744 a
431 1701 562 1744 Dione
592 1703 931 1744 commemoratus
961 1701 1066 1756 apud
1097 1702 1408 1756 Xenophontem
1438 1715 1518 1745 non
1549 1705 1622 1746 est.

131 1776 241 1815 recte
272 1772 417 1815 deinde
448 1771 615 1815 Schmid
647 1772 675 1813 l.
706 1773 733 1814 1.
765 1772 814 1814 ad
845 1772 869 1825 ἓ
902 1778 955 1815 27
989 1772 1132 1814 attulit
1162 1773 1338 1826 Apomn.
1369 1774 1446 1824 IV,
1480 1779 1519 1824 2,
1552 1779 1622 1825 22,

130 1843 203 1886 ubi
234 1843 343 1885 idem
375 1842 527 1885 dicitur
558 1842 738 1885 indoctos
767 1855 847 1884 non
879 1855 976 1892 esse,
1007 1842 1078 1897 qui
1109 1842 1209 1885 artis
1233 1843 1407 1886 alicuius
1437 1843 1621 1898 imperiti

130 1915 237 1965 sint,
277 1913 346 1956 sed
379 1909 428 1955 οἳ
453 1913 509 1955 τὰ
540 1912 654 1955 καλὰ
685 1912 863 1968 κάγαθὰ
893 1911 970 1955 οὐκ
1000 1910 1146 1955 ἴσασιν
1163 1915 1211 1968 2).
1274 1914 1316 1955 in
1347 1913 1529 1956 oratione
1558 1927 1622 1957 se-

130 1984 274 2039 quenti
305 1983 450 2025 dubito
476 1986 574 2025 nu'm
598 1984 708 2024 recte
729 1982 777 2024 ad
799 1983 824 2037 ἓ
845 1988 960 2025 4-6
993 1982 1134 2025 referri
1163 1983 1292 2036 possit
1322 1983 1623 2026 narratiuncula

130 2054 218 2104 illa,
249 2066 351 2108 quae
381 2055 444 2095 est
474 2053 616 2108 Cyrop.
648 2053 769 2103 VIII,
803 2059 842 2103 3,
877 2059 952 2104 21,
992 2064 1071 2107 qua
1100 2053 1323 2107 Xenophon
1356 2055 1494 2095 narrat
1523 2054 1621 2096 Dai-

130 2125 350 2179 phernem,
382 2125 430 2165 ut
459 2122 627 2165 liberior
657 2122 880 2174 videretur,
913 2123 1049 2165 minus
1087 2123 1190 2177 Cyro
1219 2124 1454 2166 audientem
1485 2124 1620 2174 fuisse,

131 2196 174 2238 et
204 2194 385 2237 eiusdem
417 2192 514 2235 libri
545 2193 577 2243 1,
611 2198 650 2243 6,
684 2198 735 2235 21
751 2225 761 2242 ,
793 2193 864 2236 ubi
894 2195 1039 2235 nautas
1077 2195 1120 2235 et
1150 2196 1333 2248 aegrotos
1361 2194 1621 2248 gubernatori

129 2357 233 2390 usus,
259 2346 309 2381 sic
333 2345 480 2391 Apomn.
505 2345 559 2388 11,
584 2346 619 2388 3,
644 2347 666 2380 6
691 2346 800 2390 equis.
849 2346 963 2380 afferri
988 2348 1107 2391 potest-
1130 2346 1236 2380 etiam
1261 2346 1406 2391 Apomn.
1432 2345 1470 2387 I,
1496 2346 1535 2388 7,
1561 2346 1619 2388 23,

130 2404 191 2439 ubi
215 2404 258 2439 de
283 2404 381 2439 tibiis
399 2405 437 2439 et
460 2403 503 2439 de
527 2414 614 2438 nave
638 2414 694 2438 res
718 2405 784 2438 est.

226 2462 262 2509 1)
288 2462 338 2499 cf.
364 2463 470 2498 etiam
489 2461 528 2498 E.
550 2461 677 2497 Weber
700 2462 724 2497 l.
744 2462 767 2498 1.
788 2474 820 2509 p.
843 2463 910 2498 142
930 2462 972 2497 de
994 2463 1059 2498 hac
1077 2465 1193 2509 parte:
1220 2474 1378 2507 ‚‚vereor‚
1403 2474 1447 2498 ne
1470 2462 1621 2507 genuina

130 2534 199 2558 non
224 2523 282 2565 sit,
309 2522 370 2557 sed
393 2533 413 2557 e
436 2521 677 2568 Xenophontis
702 2532 802 2556 mem.
828 2521 888 2556 IV.
914 2522 956 2565 2,
981 2522 1139 2565 24—30,
1171 2533 1238 2567 quo
1268 2522 1344 2557 loco
1369 2521 1546 2556 Socratem
1577 2520 1620 2554 de

127 2581 191 2616 illo
215 2585 333 2626 γνῶθι
358 2582 496 2616 σαυτὸν
520 2579 683 2615 similiter
707 2579 946 2625 disputantem
971 2579 1124 2624 inducit,
1157 2580 1201 2615 ab
1225 2580 1301 2626 ipso
1324 2579 1435 2614 Dione
1459 2579 1620 2624 excerpta

130 2642 168 2675 et
191 2640 370 2675 elaborata
380 2640 412 2674 “.
463 2650 532 2685 qua
556 2639 599 2674 de
624 2650 661 2674 re
685 2638 775 2674 infra
800 2650 910 2683 agam.

224 2698 262 2740 2)
286 2697 444 2743 Uterque
469 2697 618 2743 scriptor
642 2697 796 2743 exemplo
821 2697 950 2732 sutoris
976 2697 1100 2732 utitur.
