1772 2936
854 73 908 111 63

143 204 213 256 ὤν,
248 201 414 249 πόλεως
444 205 520 254 τῆς
549 193 749 252 μεγίστης
780 194 854 238 καὶ
885 194 1227 252 εὖδοκιμωτάτης
1257 193 1319 246 εἷς
1349 193 1507 251 σοφίαν
1547 195 1620 237 καὶ

143 271 272 326 ἰσχύν,4
308 266 536 325 χρημάτων
570 264 650 319 μὲν
679 264 754 307 οὐκ
784 262 969 318 αἰσχύνει
1000 264 1351 318 ἐπιμελούμενος,
1392 264 1512 315 ὅπως
1553 279 1622 307 σοι

140 340 265 384 ἔσται
296 339 353 388 ὡς
390 335 596 386 πλεῖστα,
636 333 712 376 καὶ
750 333 875 391 δόξης
905 333 980 376 καὶ
1011 341 1156 391 τιμῆς,
1197 334 1439 392 φρονήσεως
1468 333 1516 377 δὲ
1545 333 1621 376 καὶ

145 406 353 468 ἀληθείας
384 404 458 448 καὶ
489 412 564 461 τῆς
597 412 745 461 ψυχῆς,
778 404 898 455 ὅπως
929 405 987 454 ὡς
1016 402 1216 461 βελτίστη
1248 402 1382 457 ἔσται,
1414 403 1490 447 οὐκ
1519 401 1619 447 ἐπι-

141 481 262 534 μελεῖ
307 474 403 519 οὐδὲ
447 473 708 531 φροντίζεις,·
769 475 876 516 hunc
923 487 1013 516 vere
1058 475 1349 527 protrepticum
1396 487 1619 517 sermonem

147 550 263 591 Plato
301 547 342 588 in
385 544 583 598 Apologia
622 547 730 585 certe
771 555 849 585 non
890 556 911 585 e
949 543 1099 597 scripto
1149 544 1304 592 hausit,
1351 556 1444 586 cum
1492 544 1620 586 dicat:

145 617 275 672 λέγων
305 608 459 668 οἷάπερ
491 610 652 663 εἴωθα,
685 615 727 654 et
759 613 926 654 minime
957 626 1004 654 cx
1037 613 1294 654 Antisthenis
1335 613 1487 663 libello,
1519 626 1619 666 quo-

146 686 257 728 niam
274 684 343 727 vix
363 683 574 737 quisquam
592 682 729 724 credat
745 682 856 724 illius
872 682 1116 724 Archelaum
1135 682 1197 724 vel
1216 683 1509 736 Protrepticum
1527 685 1620 725 ante

148 754 331 801 Platonis
351 752 591 805 Apologiam
625 752 823 803 scriptum
855 764 951 792 esse.
1014 751 1123 801 hinc,
1155 752 1238 792 sive
1269 764 1317 792 ex
1340 752 1507 793 Platone
1537 751 1643 811 sive*

146 838 166 866 e
197 822 373 866 Socratis
404 822 490 864 vita
519 821 630 875 ipsa,
663 820 934 874 Clitophontis
964 820 1134 875 scriptor
1164 822 1300 863 hausit
1328 822 1500 864 Socratis
1529 835 1622 876 pro-

149 894 369 947 trepticum
383 924 392 942 ‚
439 904 559 944 quem
601 891 733 932 verbis
773 892 920 946 ὥσπερ
960 888 1035 932 ἐπὶ
1066 899 1254 947 μηχανῆς
1284 892 1487 948 τραγικῆς
1518 892 1621 942 θεός

143 963 312 1017 paulum
344 961 498 1003 irridet.
1344 1015 1348 1021 .

235 1033 286 1074 Et
325 1032 422 1072 haec
461 1030 621 1084 quidem
661 1029 708 1070 de
740 1029 1008 1082 Clitophonte.
1070 1029 1151 1070 iam
1193 1031 1463 1082 quaerendum
1505 1032 1621 1073 nobis

145 1105 227 1151 est,
275 1100 473 1154 quomodo
514 1099 590 1140 Dio
629 1112 744 1140 suum
795 1099 1086 1151 protrepticum
1126 1111 1147 1139 e
1187 1099 1443 1152 Clitophonte
1489 1103 1619 1142 trans-

145 1171 378 1215 formaverit
409 1173 450 1212 et
479 1168 798 1222 amplificaverit.
861 1169 1080 1221 vidimus§
1109 1175 1272 1211 16—17
1303 1167 1446 1211 καίτοι
1469 1183 1490 1211 e
1511 1170 1620 1212 fonte

145 1254 240 1284 esse.
303 1252 405 1294 quae
444 1241 632 1281 secuntur
663 1239 687 1292 g
722 1244 889 1281 17-19
922 1239 977 1280 τὰ
1007 1235 1100 1280 ἴδια
1136 1239 1230 1288 Dio,
1270 1242 1317 1280 ut
1358 1239 1539 1289 videtur,
1573 1239 1620 1281 de

143 1323 215 1353 suo
254 1310 424 1352 addidit.
485 1310 509 1361 ἓ
545 1315 593 1351 17
637 1308 856 1360 comparari
895 1310 1028 1360 potest
1072 1321 1164 1349 cum
1204 1321 1259 1350 or.
1293 1309 1440 1357 LXIX,
1474 1315 1513 1357 5,
1544 1321 1621 1361 quo

146 1380 234 1422 loco
279 1378 428 1421 similis
473 1377 694 1431 disputatio
739 1378 873 1426 extat3
919 1376 968 1418 ad
1015 1377 1038 1431 ξ
1081 1382 1133 1420 18
1181 1377 1415 1420 dubitanter
1465 1377 1620 1420 contuli

145 1452 249 1493 Xen.
282 1452 456 1503 Apomn.
477 1448 550 1497 IV,
582 1454 622 1497 2,
656 1453 679 1488 2
713 1449 755 1489 et
787 1454 826 1489 3.
888 1447 981 1489 finis
1010 1448 1034 1501 ἓ
1068 1453 1119 1490 19
1153 1461 1288 1489 rursus
1319 1448 1620 1501 Clitophontem

145 1519 263 1573 sapit.
325 1519 348 1572 g
380 1523 436 1560 20
471 1517 705 1559 Duemmler
736 1519 842 1559 recte
874 1530 966 1559 cum
998 1517 1157 1559 Aelian.
1192 1517 1238 1558 V.
1270 1518 1322 1559 H.
1354 1518 1407 1567 Π,
1443 1525 1491 1560 11
1526 1530 1620 1560 con-

61 1624 64 1627 .
145 1589 264 1638 tulit,
305 1601 384 1641 quo
424 1600 472 1629 ex
517 1587 604 1629 loco
641 1586 847 1640 probabile
878 1586 925 1629 fit
955 1586 1078 1628 etiam
1113 1586 1282 1628 Dionem
1314 1586 1487 1630 Socratis
1525 1600 1620 1642 apo-

145 1660 409 1713 phthegmate
439 1670 557 1700 usum
596 1669 692 1699 esse.
754 1656 982 1698 Palamedis
1021 1657 1248 1710 exemplum
1279 1658 1303 1710 ἓ
1335 1663 1385 1699 21
1421 1658 1621 1700 consentit

146 1728 227 1769 fere
258 1740 350 1769 cum
381 1728 484 1769 Xen.
518 1728 690 1779 Apomn.
713 1726 783 1775 IV,
807 1731 845 1774 2,
878 1732 946 1768 33.
1011 1728 1036 1777 ξ
1069 1732 1238 1768 23-26
1272 1727 1349 1768 Dio
1380 1727 1467 1768 sine
1499 1726 1620 1769 dubio

144 1797 229 1850 ipse
259 1797 388 1839 finxit.
450 1796 544 1838 inde
575 1796 624 1838 ad
655 1796 693 1849 ξ,
712 1802 764 1838 27
798 1796 965 1837 initium
997 1796 1048 1837 cf.
1082 1797 1171 1837 Xen
1210 1798 1379 1848 Apomn.
1403 1797 1474 1845 IV,
1512 1805 1547 1846 1,
1580 1803 1619 1844 4,

145 1865 195 1907 ad
226 1866 345 1907 finem
377 1867 550 1919 Apomn.
583 1865 653 1913 IV,
687 1870 725 1914 2,
758 1870 826 1913 22,
858 1865 908 1906 ad
938 1865 961 1918 ξ
994 1871 1047 1907 28
1080 1866 1251 1918 Apomn.
1284 1865 1356 1916 IV,
1391 1871 1429 1913 2.
1463 1872 1529 1908 23.

234 1934 311 1977 Sed
341 1948 595 1989 quaeramuS,
636 1934 734 1988 quid
766 1935 814 1975 de
843 1936 930 1976 tota
960 1935 1133 1977 Socratis
1163 1935 1340 1976 oratione
1377 1936 1618 1978 censendum

144 2004 213 2046 sit.
275 2016 299 2046 a
328 2004 352 2058 ἓ
387 2010 437 2047 16
470 2017 595 2058 usque
626 2004 675 2046 ad
706 2005 730 2058 ξ
763 2010 814 2046 22
849 2003 985 2046 omnia
1015 2005 1204 2047 continuo
1235 2005 1467 2058 procedunt.
1519 2007 1618 2060 §23

146 2073 266 2127 fingit
295 2074 376 2116 sibi
406 2074 691 2124 adversarium,
723 2086 895 2127 quocum
927 2087 1052 2128 usque
1082 2075 1131 2115 ad
1152 2075 1175 2127 ξ
1198 2080 1257 2117 26
1284 2075 1475 2128 disputat.
1519 2077 1542 2129 ἓ
1565 2081 1617 2119 27

107 2182 109 2184 .
142 2143 326 2185 oratione
356 2145 476 2194 recta,
508 2147 555 2186 ut
585 2144 644 2186 ita
674 2144 817 2193 dicam,
850 2144 993 2186 relicta
1024 2143 1100 2185 Dio
1131 2144 1292 2198 obliqua
1322 2144 1474 2193 utitur;
1505 2147 1531 2197 ξ
1566 2151 1619 2187 28

148 2212 362 2254 nonnullae
402 2214 451 2254 de
491 2213 668 2255 Socratis
706 2214 1015 2266 philosophandi
1046 2214 1198 2255 ratione
1229 2215 1367 2254 breves
1397 2213 1621 2255 sententiae

143 2279 359 2322 adduntur.
419 2295 498 2336 qua
537 2296 585 2324 ex
626 2296 669 2324 re
709 2282 895 2325 concludi
930 2286 1063 2336 potest
1093 2284 1262 2324 Dionem
1293 2283 1463 2324 minime
1493 2295 1620 2324 unum

142 2350 346 2402 exemplar
375 2353 510 2404 sequi,
548 2353 617 2395 sed
647 2353 825 2406 primum
856 2354 1077 2395 orationem
1108 2353 1282 2395 Socratis
1312 2365 1333 2394 e
1364 2352 1621 2405 Clitophonte

147 2417 225 2460 sibi
257 2420 396 2461 notam
426 2420 613 2464 imitatus
643 2424 716 2472 est,
747 2421 1011 2476 amplificavit
1040 2424 1081 2464 et
1111 2422 1287 2472 ornavit,
1319 2424 1407 2464 tum
1438 2421 1520 2463 alia
1549 2421 1621 2464 So-

147 2487 269 2530 cratis
299 2488 407 2531 dicta
427 2491 738 2545 e-Xenophonte
761 2492 825 2534 vel
844 2492 938 2535 aliis
956 2492 1022 2534 vel
1051 2492 1404 2546 apophthegmatis
1433 2492 1618 2545 sumpsit.

148 2557 319 2599 Dionem
358 2558 491 2612 ipsum
537 2572 719 2613 monere,
766 2575 815 2604 ne
854 2575 896 2604 se
936 2574 1057 2604 unam
1100 2562 1320 2604 orationem
1359 2562 1409 2604 ad
1454 2561 1620 2604 verbum

141 2627 376 2681 excripsisse
414 2629 605 2680 putemus
655 2631 723 2684 (cf.
766 2631 842 2673 Dio
881 2632 904 2685 ς
946 2634 1037 2686 15),
1083 2633 1189 2673 recte
1236 2631 1336 2673 dicit
1383 2631 1522 2673 Hirzel
1567 2632 1620 2679 ΙΙ,

143 2701 247 2748 104,
280 2702 317 2739 2.
1187 2699 1189 2701 ’
