1772 2936
868 86 923 124 23

155 214 201 254 et
222 212 378 255 medico
398 212 674 264 obtemperare
695 209 819 260 dicit;
849 222 1034 264 compara
1054 210 1260 264 praeterea
1274 209 1405 252 Anah.
1423 209 1473 260 V,
1504 215 1545 260 4,
1568 214 1638 253 26.

155 295 292 338 regem
324 283 538 325 Persarum
569 280 700 323 solum
737 282 848 323 recta
885 281 990 323 tiara
1030 280 1094 323 uti
1124 279 1299 335 legimus
1328 279 1434 334 apud
1465 280 1636 323 Dionem

153 353 264 396 inter
293 352 394 395 alios
424 352 532 393 locos
562 350 683 392 huius
703 363 759 393 or.
779 352 804 405 ξ
822 357 891 401 23,
921 363 1093 405 quocum
1115 350 1250 392 confer
1279 350 1411 392 Anab.
1428 351 1481 400 ΙΙ,
1506 355 1544 401 5,
1566 357 1636 401 23,

153 422 273 466 cuius
311 421 393 464 loci
423 419 502 463 Dio
541 419 707 463 fortasse
747 433 900 464 memor
945 420 1046 471 fuit,
1092 433 1184 463 cum
1223 422 1351 463 totam
1390 420 1635 463 sententiam

153 493 348 535 scriberet
377 491 446 544 (cf.
477 491 600 533 etiam
633 491 773 545 Cyrop.
805 492 916 541 VIII,
950 497 989 541 3,
1023 492 1107 546 13).

242 563 290 604 In
311 573 366 603 or.
387 561 489 604 XXI
508 561 612 612 vide,
643 574 735 604 cum
760 561 835 604 Dio
856 563 1002 612 narret,
1033 560 1229 616 quomodo
1250 560 1426 603 hominis
1454 560 1636 615 pulchri-

154 631 294 673 tudine
325 630 356 673 ii
387 632 457 686 qui
487 643 580 673 eum
610 631 825 685 aspiciunt,
855 631 1097 682 afficiantur,
1127 631 1214 673 sine
1246 631 1369 673 <lubio
1398 631 1436 672 ei
1457 631 1508 673 ob
1539 642 1636 673 ocu·

153 702 213 743 los
243 703 445 743 versatum
477 714 561 743 esse
591 701 728 755 Symp.
760 702 799 751 I,
833 707 990 744 8—10.
1051 703 1217 755 uterque
1248 701 1421 754 scriptor
1450 699 1635 754 pulchri-

151 770 341 825 tudinem
387 784 480 813 cum
529 771 618 813 luce
672 772 897 825 comparat,
944 775 1113 825 uterque
1150 770 1500 825 pulchritudinem
1538 783 1632 813 cum

152 841 302 896 pudore
332 841 590 884 coniunctam
623 841 760 883 laudat
790 841 970 894 aliaque,
1017 853 1117 895 quae
1147 841 1232 894 ipse
1264 840 1432 895 legendo
1470 839 1633 883 sentias.

150 911 331 954 eiusdem
362 911 443 954 loci
475 912 551 954 Dio
582 912 747 954 fortasse
769 911 968 954 meminit
998 924 1054 953 or.
1085 911 1239 961 XXIX,
1273 918 1312 954 7.
1360 911 1403 952 in
1434 910 1513 952 fine
1543 922 1632 953 ora-

150 982 276 1025 tionis
305 982 486 1025 XXVIII
530 978 605 1024 Dio
637 982 685 1024 de
716 983 874 1025 mortuo
905 982 1157 1025 Melancoma
1196 981 1320 1024 dicit:
1360 980 1520 1038 ἀνάγκη
1551 981 1631 1037 γὰρ

148 1051 267 1109 αὐτῷ
283 1050 332 1110 ῆν
348 1049 628 1109 προβαίνοντι
644 1051 738 1094 ἀντὶ
757 1051 836 1106 μὲν
856 1050 1088 1094 καλλίστου
1110 1045 1371 1108 αἰσχροτέρῳ
1392 1049 1629 1107 γίγνεσθαι,

151 1122 247 1165 ἀντὶ
278 1121 327 1165 δὲ
347 1119 625 1178 ἰσχυροτάτου
647 1121 952 1178 ἀσθενεστέρῳ,
984 1119 1089 1172 ἴσως
1110 1120 1159 1163 δὲ
1188 1120 1264 1164 καὶ
1284 1119 1521 1179 λειφθῆναί
1540 1136 1629 1164 του.

147 1205 229 1246 quo
275 1192 362 1234 loco
409 1194 517 1234 certe
557 1193 635 1234 Dio
676 1192 983 1245 Xenophontem
1029 1191 1237 1241 imitatur,
1284 1191 1334 1232 cf.
1375 1191 1494 1244 Apol.
1538 1196 1562 1232 6
1585 1191 1630 1245 ¹),

149 1262 221 1305 ubi
252 1262 361 1304 idem
393 1262 441 1304 de
468 1262 629 1304 Socrate
661 1261 823 1304 dicitur.
875 1261 918 1303 in
949 1262 1131 1315 sequenti
1162 1261 1341 1303 oratione
1371 1261 1541 1314 scriptor
1581 1260 1630 1303 de

146 1332 286 1374 eodem
319 1332 570 1374 Melancoma
599 1332 718 1386 longe
749 1331 873 1373 aliam
902 1331 1055 1385 profert
1084 1331 1350 1382 sententiam,
1390 1343 1484 1373 cum
1521 1330 1630 1374 dicat

145 1402 346 1445 athletam
376 1402 496 1444 illum
527 1414 683 1455 semper
711 1401 1030 1455 pulcherrimum
1067 1401 1251 1444 futurum
1283 1401 1426 1452 fuisse,
1467 1400 1629 1444 etiamsi

147 1484 267 1514 senex
297 1472 427 1514 factus
457 1473 573 1513 esset.
635 1472 760 1513 etiam
792 1472 865 1514 hoc
894 1472 1153 1525 Xenophonti
1184 1472 1325 1513 debere
1355 1471 1527 1522 videtur,
1557 1471 1628 1526 qui

145 1541 301 1583 similia
329 1541 585 1583 Critobulum
617 1541 816 1583 dicentem
848 1541 946 1584 facit
975 1541 1111 1596 Symp.
1144 1541 1214 1592 IV,
1249 1547 1315 1585 17.

235 1610 489 1664 Pergendum
535 1611 650 1652 nobis
699 1611 781 1652 iam
828 1613 889 1652 est
933 1611 983 1652 ad
1029 1624 1095 1653 eas
1139 1612 1359 1660 orationes,
1410 1623 1508 1664 quas
1550 1611 1627 1653 Dio

143 1679 252 1733 apud
291 1680 410 1722 urbes
449 1680 605 1722 habuit.
677 1692 774 1734 quas
819 1692 890 1734 per
935 1680 1134 1723 orationes
1177 1680 1459 1734 Xenophontis
1499 1680 1626 1723 vesti-

144 1750 214 1804 gia
263 1750 331 1792 hic
381 1750 469 1793 illie
516 1751 690 1805 dispersa
729 1754 844 1801 sunt,
899 1764 1028 1804 neque
1074 1764 1223 1805 paucae
1274 1752 1416 1794 insunt
1462 1753 1626 1794 senten-

146 1820 248 1872 tiae,
296 1832 399 1873 quae
446 1820 529 1863 iam
579 1821 679 1863 alibi
715 1820 820 1875 apud
861 1821 1034 1863 Dionem
1074 1821 1250 1875 legimus
1298 1823 1340 1864 et
1378 1821 1626 1874 Xenophon·

146 1892 233 1932 teae
265 1890 435 1945 originis
464 1903 550 1933 esse
579 1891 757 1934 diximus
774 1892 820 1946 ²).
871 1903 971 1945 quos
1001 1891 1178 1934 breviter
1203 1891 1342 1934 afferre
1362 1890 1467 1933 mihi
1489 1890 1624 1934 liceat.

141 1972 330 2014 compara
368 1960 496 2014 igitur
536 1973 591 2003 or.
630 1962 795 2012 XXXI,
831 1967 904 2011 15,
945 1961 1038 2004 deos
1082 1961 1369 2003 sacrificiorum
1409 1961 1618 2003 donorum-

141 2043 220 2084 que
262 2043 341 2072 nou
380 2042 496 2084 egere
535 2043 628 2073 cum
658 2031 832 2084 Apomn.
864 2032 897 2082 Ι,
931 2037 969 2081 3,
1003 2037 1027 2074 3
1069 2032 1111 2073 et
1141 2032 1260 2085 Ages.
1304 2031 1384 2081 XI,
1426 2036 1466 2081 2,
1505 2043 1622 2084 prae-

242 2216 276 2258 1)
300 2216 471 2251 Ruhnken
504 2217 763 2260 (animadverss.
789 2218 825 2252 in
849 2217 935 2252 Xen.
960 2217 1078 2260 Mem.)
1109 2218 1236 2252 attulit
1265 2219 1443 2263 praeterea
1474 2216 1621 2263 Apomn.

140 2272 202 2317 1V,
227 2273 261 2317 8,
285 2274 319 2317 8,
344 2274 455 2309 locum
480 2275 633 2310 eiusdem
657 2276 864 2321 argumenti.
902 2276 963 2310 sed
986 2276 1064 2310 vide
1082 2276 1222 2310 verbum
1244 2278 1454 2322 προβαίνειν
1472 2286 1493 2309 a
1510 2275 1621 2310 Dione

81 2364 85 2366 .
137 2333 178 2367 et
201 2331 389 2378 Apologiae
414 2333 580 2379 scriptore
604 2337 822 2380 usurpatum,
849 2346 950 2381 quam
975 2334 1041 2369 Dio
1066 2336 1159 2369 certe
1183 2335 1467 2380 Xenophonteam
1491 2334 1590 2378 legit.

235 2390 271 2432 2)
295 2390 439 2425 Dionem
465 2402 502 2426 se
525 2392 639 2438 ipsum
665 2393 836 2428 excribere
863 2393 933 2427 iam
951 2392 1109 2428 vidimus.
1146 2403 1306 2439 compara
1317 2393 1455 2438 praeter
1470 2392 1619 2427 nobilem

141 2448 242 2483 illum
267 2448 309 2483 de
327 2449 408 2484 Iove
431 2450 545 2485 locum
569 2462 598 2486 e.
623 2462 657 2496 g.
683 2451 840 2495 XLVIII,
867 2452 912 2488 16
936 2462 1011 2487 cum
1037 2451 1109 2496 XL,
1133 2452 1180 2488 32
1204 2453 1241 2486 et
1264 2451 1321 2488 40.
1347 2451 1463 2498 apium
1487 2451 1620 2496 civitas,

137 2507 183 2543 de
220 2518 288 2554 qua
318 2507 385 2543 Dio
420 2508 477 2543 hic
512 2511 550 2544 et
586 2510 722 2556 saepius
755 2510 848 2555 agit,
885 2511 1107 2556 Xenophonti
1142 2511 1275 2546 usitata
1307 2512 1372 2545 est.
1422 2510 1464 2545 cf.
1495 2510 1618 2556 Cyrop.

139 2566 181 2610 V,
210 2568 240 2610 1,
265 2567 328 2609 243
354 2565 432 2601 Oec.
451 2567 563 2610 XV11,
592 2568 635 2602 14
659 2568 746 2603 alios
770 2569 872 2604 locos.
917 2579 1022 2614 quare
1046 2580 1115 2604 non
1136 2570 1269 2603 certum
1293 2570 1349 2603 est
1366 2568 1511 2603 Diouem
1535 2568 1620 2603 haec

135 2625 293 2672 exempla
317 2636 338 2660 a
362 2624 498 2671 Cynicis
523 2626 691 2672 recepisse
714 2626 768 2670 (E.
794 2626 920 2662 Weber
950 2627 974 2662 1.
1000 2627 1024 2663 1.
1048 2639 1082 2673 p.
1108 2627 1201 2670 111).
1239 2627 1326 2662 Vide
1357 2628 1537 2673 praeterea
1568 2638 1618 2663 or.

138 2684 176 2728 L,
202 2686 225 2719 2
246 2700 292 2713 =
315 2684 441 2726 XLIII,
466 2685 499 2726 3,
521 2684 650 2728 quibus
674 2685 758 2719 loeis
782 2685 848 2719 Dio
867 2685 1017 2731 exponit,
1042 2696 1104 2720 cur
1122 2684 1262 2726 Graecis
1280 2685 1455 2720 veteribus
1472 2685 1620 2720 maxime

134 2743 302 2789 exemplis
327 2744 466 2786 utatur3
491 2741 649 2786 LXVIII,
673 2743 696 2778 3
721 2759 768 2772 ==
792 2743 853 2787 IV,
880 2744 966 2788 128;
991 2744 1133 2788 LXXII,
1159 2744 1204 2779 14
1229 2760 1275 2773 =
1299 2743 1379 2787 XII,
1405 2744 1509 2780 6—9.
