1772 2936
860 53 913 91 68

137 189 233 219 cum
275 174 482 219 consiliari
524 174 631 217 idem
672 175 727 218 sit
769 188 816 218 ac
858 178 1011 219 temere
1043 175 1235 231 sagittare
1276 188 1393 230 scopo
1426 189 1502 218 non
1533 189 1627 231 pro·

137 248 281 302 posito.
359 247 431 301 qui
478 246 528 289 ad
577 246 682 289 hanc
730 247 1046 300 disputationem
1095 247 1290 289 transitus
1337 246 1384 288 fit
1430 259 1454 288 a
1500 248 1626 288 Phar-

138 317 332 359 saliorum
365 316 547 367 consilio,
580 329 626 358 eo
657 317 806 359 omisso
829 317 905 360 Dio
936 317 1070 372 pergit
1099 329 1298 372 quaerere,
1330 316 1428 371 quid
1449 317 1505 360 sit
1524 317 1626 371 βού-

139 387 359 430 λεύεσθαι.
435 400 514 441 qua
564 387 612 428 de
664 401 706 429 re
756 390 904 441 postea.
967 389 1047 430 iam
1100 401 1215 442 agam
1267 387 1314 428 de
1365 388 1440 429 hac
1491 388 1630 440 dispu-

137 457 305 499 tatione.

229 528 289 570 De
336 527 447 570 fonte
484 527 665 570 dubitari
707 528 869 583 nequit,
910 529 952 570 id
992 530 1096 582 quod
1129 529 1268 571 statim
1301 530 1486 582 apparet3
1533 540 1626 570 nam

139 609 242 652 quae
276 597 354 640 Dio
386 597 508 640 dicit:
548 599 604 640 τὰ
644 595 747 641 ὄντα
785 597 860 640 καὶ
891 595 983 641 ἔστι
1014 598 1088 641 καὶ
1120 598 1281 654 ἐγένετο
1313 598 1386 641 καὶ
1417 597 1627 655 ὑφέστηκε

139 670 183 721 (ξ
204 669 250 722 4)
282 669 325 709 et
345 667 485 709 eadem
507 668 587 709 tria
608 668 791 709 membra
810 668 930 721 paulo
952 668 1057 709 infra
1076 670 1140 709 ter
1160 669 1330 722 repetit,
1362 668 1470 710 idem
1493 670 1554 711 est
1585 668 1627 709 in

140 736 312 793 Sisypho
342 750 382 792 p.
415 743 499 781 390
521 738 575 780 E:
606 737 740 795 μήπω
772 734 899 790 ἔστιν,
932 738 1066 788 οὕτως
1103 737 1200 780 οὐδὲ
1230 737 1371 792 γέγονε
1505 737 1631 782 oiim«)

140 807 240 850 οὐδὲ
284 808 414 864 φύσιν
459 805 543 859 §figet
590 805 791 860 οὐδεμίαν
840 806 1019 861 [αὐτῶν]
1043 809 1074 861 ¹)
1126 810 1167 849 et
1212 808 1330 860 paulo
1376 809 1481 850 infra
1526 808 1628 865 περὶ

140 876 412 934 πραγμάτων
432 874 528 919 οὔτε
548 874 680 919 ὄντων
710 875 806 919 οὔτε
837 876 1112 934 γεγενημένων
1143 876 1238 919 οὔτε
1268 877 1397 934 φύσιν
1427 876 1632 931 οὐδεμίαν

140 946 329 999 ἐχόντων.
370 946 507 1000 itaque
528 959 607 988 non
629 948 702 996 est,
724 959 795 987 cur
816 959 909 988 cum
931 959 966 988 v.
991 947 1026 988 d.
1047 947 1095 988 de
1114 947 1260 988 Arnim
1282 947 1432 1001 ubique
1454 948 1504 990 τὸ
1523 945 1628 1001 μέλ-

141 1016 214 1059 λον
236 1017 445 1059 mutemus
476 1017 520 1058 in
551 1017 601 1059 τὸ
620 1018 679 1074 μὴ
700 1014 757 1059 ὅν.
820 1018 869 1058 de
890 1017 1064 1072 singulis
1081 1030 1209 1071 pauca
1227 1017 1408 1060 addenda
1428 1017 1626 1062 videntur.

143 1087 315 1129 restitue
337 1087 361 1141 ξ
381 1093 408 1128 4
431 1085 532 1143 περὶ
553 1095 638 1129 τῶν
668 1085 748 1144 ἤδη
779 1085 921 1140 ὄντων,
953 1087 1113 1141 repulsa
1134 1087 1180 1129 de
1203 1087 1351 1130 Arnim
1382 1088 1626 1131 coniectura.

142 1158 244 1199 item
285 1156 456 1198 restitue
496 1154 590 1199 ἔστι
622 1157 723 1213 γάρ·
761 1156 837 1199 καὶ
868 1156 988 1199 οὐδὲν
1018 1155 1172 1214 ὄφελος
1202 1157 1308 1209 κτλ,
1348 1170 1442 1199 nam
1484 1158 1631 1199 distin-

142 1227 325 1281 guuntur
357 1226 597 1276 existentia,
639 1228 770 1277 ortus,
803 1227 1042 1268 substantia.
1106 1227 1275 1268 restitue
1315 1226 1458 1268 deinde
1497 1227 1631 1276 οὕτως

144 1296 203 1346 ὡς
233 1294 407 1350 ἐγένετο,
439 1308 542 1350 quae
573 1296 677 1337 hanc
707 1296 952 1337 sententiam
975 1308 1066 1337 cum
1087 1295 1343 1337 antecedenti
1365 1295 1629 1350 coniungunt.

142 1367 250 1408 recte
281 1365 426 1408 deinde
457 1365 538 1419 §5
570 1377 662 1418 pars
692 1364 874 1406 codicum
908 1366 1100 1407 servavit:
1139 1366 1188 1407 τὸ
1219 1366 1298 1421 γὰρ
1331 1363 1406 1407 οὐκ
1435 1365 1482 1408 ’ὃν
1513 1363 1635 1407 οὐδέν

144 1434 271 1477 ἐστιν.
340 1434 553 1489 sequentia
598 1434 646 1476 de
686 1434 833 1476 Arnim
872 1434 1058 1485 seclusit,
1105 1436 1147 1477 et
1186 1434 1332 1477 merito
1371 1435 1555 1489 quidem,
1595 1435 1631 1477 si

145 1506 267 1548 verba
305 1505 458 1548 tradita
488 1517 642 1554 servas;
689 1517 783 1546 nam
824 1505 884 1547 sic
915 1507 1153 1558 repetuntur
1185 1506 1288 1555 sola,
1329 1518 1429 1559 quae
1459 1505 1631 1559 scriptor

142 1575 263 1631 paulo
293 1577 388 1617 ante
419 1574 544 1617 dixit:
577 1572 679 1632 περὶ
709 1582 795 1616 τῶν
825 1572 901 1617 οὐκ
931 1571 1074 1618 ὄντων.
1136 1587 1210 1630 ego
1249 1575 1370 1618 aliter
1410 1588 1550 1618 censeo
1591 1577 1634 1619 et

143 1647 203 1689 sic
243 1645 425 1688 ordinem
466 1645 689 1687 constituo:
736 1644 784 1686 de
823 1657 889 1695 eo,
930 1647 1033 1697 quod
1068 1657 1146 1686 non
1187 1647 1269 1695 est,
1309 1645 1513 1687 consiliari
1552 1657 1631 1687 non

143 1718 275 1770 potes:
317 1727 410 1758 nam
451 1714 558 1769 quod
598 1726 677 1757 non
717 1716 798 1765 est,
840 1714 947 1756 nihil
988 1716 1070 1757 est:
1110 1727 1190 1757 non
1225 1717 1339 1769 potes
1369 1717 1505 1758 autem
1538 1728 1632 1758 con-

144 1786 277 1828 siliari
308 1787 357 1827 de
389 1797 448 1835 eo,
481 1784 587 1838 quod
619 1784 728 1826 nihil
759 1786 832 1827 est.
896 1797 1018 1838 quare
1049 1785 1212 1838 scripsi:
1243 1784 1345 1842 περὶ
1377 1783 1425 1827 δὲ
1455 1791 1531 1827 τοῦ
1560 1783 1632 1827 οὐ·

145 1856 263 1907 δενὸς
292 1853 413 1906 ὄντος
444 1854 535 1898 κτλ.
598 1867 700 1909 quae
730 1858 943 1906 secuntur,
985 1855 1273 1909 disputationis
1303 1869 1503 1898 summam
1538 1868 1632 1898 con-

145 1926 294 1969 tinent.

234 1995 312 2038 Sed
352 1994 451 2048 quid
484 2006 621 2036 censes
651 1995 700 2036 de
732 1994 881 2036 ultima
911 1994 1056 2036 Dionei
1089 1994 1239 2048 dialogi
1270 1996 1413 2048 parte?
1473 1995 1636 2037 videtur

146 2066 257 2109 enim
298 2077 322 2107 a
361 2064 473 2107 fonte
520 2064 638 2118 plane
684 2064 817 2106 aliena
861 2077 966 2115 esse,
1013 2064 1082 2106 sed
1126 2064 1287 2107 videtur
1333 2065 1477 2108 solum.
1539 2077 1633 2107 nam

146 2135 330 2191 exempla
361 2147 385 2177 a
415 2134 572 2177 musica
610 2135 653 2177 et
681 2147 706 2177 a
735 2134 994 2190 navigatione
1024 2134 1154 2188 petita
1185 2134 1262 2177 Dio
1299 2134 1473 2189 sumpsit
1504 2147 1525 2177 e
1555 2135 1631 2178 Sis.

147 2211 231 2251 389
255 2205 287 2249 G
308 2206 345 2248 D
375 2204 535 2259 (omisit
565 2205 665 2247 artis
695 2205 888 2247 militaris
919 2206 1185 2259 exemplum),
1228 2206 1276 2247 de
1311 2207 1517 2259 geometra
1546 2205 1637 2260 agit

146 2275 222 2321 Sis.
249 2280 333 2320 388
356 2276 403 2318 Ε.
465 2287 596 2329 neque
627 2274 670 2317 in
701 2275 949 2325 universum,
980 2275 1076 2330 quid
1106 2275 1186 2318 sibi
1219 2276 1392 2318 voluerit
1419 2276 1509 2323 Dio,
1541 2288 1634 2317 cum

146 2348 252 2388 hanc
289 2347 449 2400 partem
488 2344 701 2396 scriberet,
742 2357 790 2387 ex
831 2344 918 2400 ipso
958 2344 1075 2388 nobis
1113 2344 1387 2400 quaerendum
1418 2346 1500 2397 est,
1539 2357 1635 2388 nam

146 2431 186 2471 p.
222 2421 309 2460 390
332 2416 365 2458 Β
397 2415 581 2458 Socrates
621 2415 669 2457 de
701 2415 1003 2458 Pharsaliorum
1045 2415 1214 2457 consilio
1251 2415 1374 2457 dicit:
1413 2409 1504 2456 ἀλλ’
1539 2415 1635 2458 ἐδο-

147 2484 263 2529 κεῖτέ
300 2499 376 2540 μοι
417 2485 493 2543 τὴν
531 2482 692 2543 ἡμέραν
731 2483 831 2543 ὅλην
868 2485 944 2543 τὴν
972 2482 1079 2538 χθές
1110 2519 1118 2528 .
1142 2519 1150 2528 .
1174 2519 1182 2528 .
1213 2483 1498 2543 ἀμελήσαντες
1526 2501 1636 2540 μαν-

244 2707 280 2752 1)
306 2709 448 2751 Αὐτῶν,
473 2706 565 2752 quod
589 2718 657 2742 non
682 2706 858 2752 intellego,
883 2706 1132 2752 interpolatum
1157 2707 1317 2742 arbitror.
