1772 2936
880 44 1008 104 12„-

154 167 473 222 Xenophontem
512 168 557 211 in
597 168 739 212 eodem
779 169 913 223 capite
942 169 967 224 ᾖ
997 173 1054 213 80
1075 168 1122 224 ¹).
1180 179 1298 223 porro
1335 167 1462 211 talem
1512 167 1648 211 homi-'

153 250 254 281 nem
301 238 508 293 privatum
521 272 531 291 ,
577 239 740 295 qualem
779 239 859 283 Dio
899 239 947 282 in⁴
982 239 1243 295 sequentibus
1281 251 1375 282 cum
1415 238 1518 282 bono
1552 250 1647 294 rege

151 311 380 363 comparat,
412 322 636 364 numquam
667 311 864 362 otiosum,
903 323 1062 366 semper
1099 312 1193 353 ante
1231 321 1371 352 cenam
1401 321 1546 363 corpus
1580 322 1649 352 ex-

150 381 363 422 ercentem
395 380 622 434 Xenophon
661 383 848 423 accurate
888 381 1075 436 depingit
1114 381 1158 424 in
1188 379 1470 431 Oeconomico,
1511 380 1647 423 Ischo-

157 449 348 491 machum
382 450 561 499 scilicet,
602 452 642 491 et
674 463 743 492 rex
784 450 857 492 ille
897 450 985 504 ipse
1016 451 1142 505 Cyrus
1181 453 1254 494 est.
1315 452 1506 493 secuntur
1541 449 1648 504 apud

156 517 333 561 -Dionem
381 519 599 563 nonnullae
644 520 892 571 sententiae,
938 533 1039 575 quae
1069 523 1112 563 et
1141 522 1249 575 ipsae
1281 521 1330 564 de
1359 521 1503 564 amicis
1540 522 1648 571 sunt,

148 601 326 643 quarum
359 590 586 644 complures
626 591 887 633 consentiunt
924 604 1018 632 cum
1048 591 1331 644 Xenophontis
1362 592 1561 641 Hierone,
1600 592 1650 634 ut

152 658 332 714 primam
372 660 460 703 sine
496 660 620 704 dubio
652 661 729 704 Dio
768 661 932 716 scripsit
970 660 1168 704 adductus
1197 661 1284 704 loco
1315 662 1482 705 Hieron.
1515 663 1569 714 II,
1602 667 1649 705 2:

152 728 373 788 κέκτησθε
418 729 467 774 δὲ
511 730 801 789 διαφέροντας
844 730 923 786 μὲν
974 731 1103 790 ἀρετῇ
1146 732 1336 785 ἵππους,
1384 731 1647 791 διαφέροντα

149 799 206 843 ’δὲ
244 800 393 844 κάλλει
432 801 573 854 ὅπλα,
615 800 873 858 ὑπερέχοντα
915 802 962 845 δὲ
1001 802 1162 857 κόσμον
1191 801 1358 858 γυναιξί
1386 802 1477 845 κτλ.
1530 815 1648 845 nemo

152 872 238 920 est,
285 871 384 925 quin
432 871 519 927 regi
563 871 721 914 amicus
766 885 850 915 esse
896 872 1017 915 velit:
1068 872 1127 914 sic
1169 873 1245 914 Dio
1283 873 1307 927 ξ
1350 878 1457 923 129,
1511 873 1648 915 Xeno-

155 941 264 993 phon
295 942 461 983 Hieron.
496 943 609 984 VHI.
672 942 804 984 malus
834 945 972 985 autem
1002 955 1071 984 rex
1102 955 1182 984 non
1212 943 1335 984 habet
1370 930 1539 993 amicos,
1579 942 1648 984 sed

151 1010 383 1054 adulatores
421 1011 488 1064 (de
528 1012 604 1055 hac
641 1013 845 1055 sententia
882 1012 965 1055 iam
1006 1012 1161 1055 dictum
1201 1014 1263 1055 est
1292 1012 1343 1055 cf.
1377 1012 1543 1055 Hieron.
1575 1011 1645 1066 V).

150 1081 354 1136 quomodo
384 1083 508 1124 amici
549 1096 573 1124 a
603 1095 698 1137 rege
738 1083 1028 1132 concilientur,
1059 1096 1084 1125 a
1115 1084 1244 1125 Dione
1275 1083 1425 1125 dicitur
1455 1084 1479 1136 ξ
1502 1089 1579 1125 131
1601 1095 1646 1132 s.‚

148 1163 178 1193 a
216 1151 489 1205 Xenophonte
522 1152 689 1199 Hieron.
721 1152 821 1195 VIII
839 1154 886 1208 ²).
954 1153 1036 1195 iam
1075 1152 1334 1207 pervenimus
1374 1152 1423 1195 ad
1454 1151 1646 1195 ultimam

156 1224 204 1264 ut
249 1223 310 1264 ita
353 1223 484 1264 dicam
524 1226 681 1277 partem
723 1224 935 1276 orationis,
983 1237 1061 1277 qua
1102 1224 1179 1265 Dio
1225 1224 1479 1266 venationem
1519 1223 1646 1265 solam

156 1292 339 1333 omnium
383 1292 639 1345 voluptatum
678 1305 772 1346 rege
813 1293 977 1347 dignam
1019 1305 1103 1334 esse
1141 1293 1329 1335 ostendit.
1391 1305 1438 1334 ac
1467 1292 1645 1346 primum

146 1362 318 1415 quidem
353 1363 609 1405 venationem
641 1363 802 1413 laudat,
834 1365 937 1417 quod
970 1376 1049 1404 non
1087 1365 1136 1404 ut
1166 1363 1268 1404 aliae
1300 1363 1527 1416 voluptates
1556 1362 1646 1403 ani-

156 1443 269 1473 mum
302 1434 344 1473 et
374 1444 518 1486 corpus
549 1432 752 1474 debilitat.
813 1432 920 1474 idem
954 1432 1176 1485 Xenophon
1208 1432 1312 1474 dicit
1341 1431 1389 1473 de
1420 1431 1643 1474 venatione.

147 1502 206 1544 cf.
239 1501 337 1556 Cyn.
368 1503 424 1553 II,
461 1510 508 1553 13
539 1502 655 1553 VIII,
688 1508 736 1556 83
771 1509 837 1553 18,
878 1504 926 1544 ut
964 1502 1046 1544 iam
1078 1501 1244 1545 Geelius
1273 1501 1493 1544 adnotavit.
1555 1504 1645 1544 tum

155 1572 235 1614 Dio
266 1574 492 1621 enumerat,
525 1585 627 1626 qnae
658 1572 764 1614 bona
793 1584 863 1614 rex
893 1584 914 1614 e
945 1573 1158 1614 venatione
1188 1572 1385 1625 percipiat
1415 1572 1456 1626 (ἓ
1491 1578 1571 1615 135
1604 1574 1646 1614 et

156 1643 271 1696 136).
334 1643 404 1696 qui
444 1642 557 1684 locus
596 1642 694 1697 quin
736 1654 757 1684 e
796 1642 1077 1696 Xenophontis
1113 1641 1357 1696 Cyropaedia
1388 1642 1554 1685 haustus
1590 1642 1646 1685 sit

154 1712 310 1753 nemini
358 1711 512 1766 legenti
560 1712 728 1754 dubium
777 1724 863 1754 esse
909 1713 1052 1765 potest.
1122 1724 1308 1766 compara
1352 1711 1489 1766 Cyrop.
1531 1712 1644 1763 Vffl,

159 1789 195 1832 1,
229 1788 283 1824 34
305 1782 352 1836 ³).
413 1784 551 1825 tamen
586 1782 663 1824 Dio
693 1783 801 1825 hunc
822 1783 1037 1825 Persarum
1059 1794 1212 1824 morem
1245 1795 1323 1824 non
1353 1782 1472 1836 plane
1493 1782 1644 1832 laudat,

145 1851 223 1894 sed
256 1852 461 1907 vituperat
499 1865 660 1908 regem,
700 1853 805 1907 quod
846 1853 997 1895 bestias
1027 1852 1224 1908 paradisis
1255 1852 1451 1903 inclusas,
1493 1851 1644 1895 debiles

153 1923 319 1978 ignavas
350 1925 532 1966 venatur.
558 1948 563 1952 ,
594 1936 715 1978 quem
746 1936 900 1966 morem
932 1937 1024 1965 eum
1057 1937 1078 1966 e
1110 1924 1250 1978 Cyrop.
1283 1925 1316 1973 Ι,
1346 1930 1385 1973 4,
1412 1930 1459 1966 11
1497 1935 1644 1978 cogno-

150 1994 256 2036 visse
287 1993 407 2036 facile
437 1994 664 2048 intelleges.

253 2122 287 2164 l)
319 2124 493 2167 Τοσούτῳ
512 2124 661 2167 τάγαθὰ
676 2125 821 2170 μᾶλλον
839 2124 1036 2170 εὐφραίνει,
1063 2123 1138 2167 ὅσῳ
1163 2124 1209 2156 ἄν
1237 2124 1380 2168 μᾶλλον
1405 2123 1643 2169 προπονήσας

152 2194 209 2220 τις
234 2178 295 2216 ἐπ’
326 2182 420 2215 αὐτὰ
447 2184 491 2228 ἴῃ.

246 2239 283 2281 2)
309 2238 479 2285 Compara
502 2239 569 2273 Dio
596 2239 683 2274 132:
718 2243 772 2279 τίς
802 2240 842 2274 δὲ
868 2241 990 2286 κύριος
1018 2240 1193 2287 μειζόνων
1214 2240 1444 2287 μεταδοῦναι
1469 2241 1642 2287 πραγμά-

147 2311 242 2341 ’τωνς
269 2309 347 2333 cum
366 2297 508 2333 Hieron.
522 2297 674 2341 VIII‚4;
699 2297 841 2333 Dionis:
868 2300 907 2333 αἱ
931 2300 1032 2347 παρὰ
1059 2301 1157 2338 τίνος
1181 2298 1222 2334 δὲ
1249 2301 1354 2346 τιμαὶ
1380 2300 1642 2346 φανερώτεραις

152 2367 229 2391 cum
255 2357 353 2400 VIII,
379 2358 418 2392 3:
445 2358 510 2401 τὴν
534 2358 636 2404 παρὰ
662 2360 819 2403 ποτέρου
844 2359 953 2404 τιμὴν
975 2359 1140 2404 μείζονος
1171 2359 1218 2391 (ἲν
1236 2360 1388 2403 χάριτος
1413 2358 1532 2397 δοκεῖς
1557 2370 1642 2402 τυγ-

144 2417 296 2461 χάνειν;

244 2474 282 2511 3)
306 2473 458 2509 Afferam
494 2474 610 2520 ipsum
646 2474 777 2508 locum:
822 2478 891 2518 Τῆς
927 2477 1123 2521 πολεμικῆς
1157 2472 1195 2509 δ’
1225 2475 1326 2509 ἕνεκα
1363 2476 1545 2518 ἀσκήσεως
1581 2474 1642 2508 ἐπὶ

150 2533 269 2579 θήραν
293 2533 418 2578 ἐξῆγεν
443 2533 582 2580 οὕσπερ
608 2534 733 2568 ἀσκεῖν
758 2538 873 2567 ταῦτα
899 2529 989 2578 ᾤετο
1007 2539 1153 2580 χρῆναι,
1198 2534 1333 2577 ταύτην
1356 2534 1558 2580 ἡγούμενος
1581 2532 1642 2565 καὶ

150 2591 240 2631 ὅλως
273 2592 426 2639 ἀρίστην
460 2595 614 2636 ἄσκησιν
647 2593 854 2639 πολεμικῶν
878 2591 972 2626 εἶναι
995 2595 1057 2627 καὶ
1084 2594 1235 2636 ἱππικῆς
1259 2592 1301 2627 δὲ
1320 2593 1571 2636 ἀληθεστάτην
1590 2616 1597 2623 .
1613 2616 1641 2623 ..

143 2652 211 2685 καὶ
245 2651 322 2685 ἀπὸ
354 2657 425 2685 τῶν
450 2653 576 2686 ἵππων
601 2651 768 2699 ἐνεργοὺς
794 2651 884 2694 αὕτη
915 2652 1079 2698 μάλιστα
1112 2652 1353 2698 ἀπεργάζεται
1386 2651 1451 2686 διὰ
1483 2649 1549 2692 τὴν
1579 2654 1645 2683 τοῦ

146 2711 356 2756 λαμβάνειν
382 2711 601 2757 φιλοτιμίαν
623 2712 684 2744 καὶ
710 2710 918 2757 ἐπιθυμίαν
932 2719 939 2726 ”
964 2713 1022 2745 καὶ
1044 2711 1109 2753 τὴν
1127 2711 1339 2756 ἐγκράτειαν
1357 2710 1398 2744 δὲ
1422 2711 1484 2743 καὶ
1509 2708 1645 2745 πόνους
