1772 2936
331 182 637 236 Xenophon:
1200 181 1316 225 Dio:

192 262 411 314 Βασιλέας
451 261 500 305 δὲ
537 261 613 305 irat
643 261 836 320 ἵίρχον-
958 254 1091 321 ’Ἐφἠ,
1134 262 1193 314 ὡς
1230 262 1322 317 οὐχ
1361 264 1615 316 ἅπαντας

133 351 231 386 τας
259 332 308 378 οὗ
338 331 557 383 τοὺςτὰ
580 341 836 395 σκῆπτρα
908 334 1033 389 παρὰ
1062 340 1139 375 τοῦ
1158 334 1263 383 Διὸς
1293 331 1526 387 ἔχοντας
1554 336 1615 378 τὸ

134 403 358 460 ἔχοντας
379 400 461 462 ἔφη
488 398 597 446 εἶναι
619 436 628 446 .
652 436 661 445 .
683 436 704 457 .,
726 403 838 446 ἀλλὰ
909 411 1174 460 σκῆπτρον
1194 401 1322 446 οὐδὲ
1342 404 1434 462 τὴν
1453 403 1616 462 ἀρχὴν

133 477 232 526 τοὺς
262 473 632 528 ἐπισταμένους
653 474 836 531 ἄρχειν.
908 474 1122 530 ταύτην,
1161 473 1272 515 ἀλλὰ
1310 474 1465 528 μόνους
1494 476 1615 525 τοὺς

908 543 1150 600 ἀγαθούς
1170 545 1215 599 ¹).

133 627 183 669 ad
214 628 448 680 sequentem
480 627 774 681 paragraphum
813 626 979 668 fortasse
1019 639 1154 668 rursus
1193 626 1329 668 locum
1367 626 1613 680 Xenophon-

135 700 246 740 teum
279 696 418 739 afferre
449 697 568 747 licet,
608 696 761 751 Agesil.
793 696 905 755 VIH,
939 702 984 739 8:
1025 692 1154 752 ἔγωγε
1191 695 1367 739 κάλλιον
1406 693 1534 750 κρίνω
1565 697 1614 740 τὸ

133 768 208 824 τὴν
239 767 369 809 αὑτοῦ
400 768 537 823 ψυχὴν
568 766 784 809 ἀνάλωτον
814 767 1135 809 κατασκευάσαι
1165 766 1241 808 καὶ
1272 767 1358 808 ὑπὸ
1386 765 1615 823 χρημάτων

134 837 209 880 καὶ
240 837 326 880 ὑπὸ
366 837 525 895 ἡδονῶν
563 836 638 879 καὶ
667 837 755 880 ὑπὸ
785 836 936 895 φόβου.
998 850 1183 891 persaepe
1223 840 1360 879 autem
1391 837 1615 891 Xenophon

134 922 224 951 eam
263 910 506 950 sententiam
545 908 756 961 exprimit,
798 921 919 962 quam
950 910 976 961 ξ
1013 914 1064 950 13
1097 908 1170 949 sub
1201 907 1322 949 finem
1361 908 1536 963 legimus
1565 907 1616 950 de

134 980 242 1034 regis
272 979 498 1032 vigilantia,
531 979 581 1020 cf.
616 979 834 1032 Hipparch.
859 979 929 1028 VI,
964 985 1010 1028 33
1041 981 1216 1031 Apomn.
1237 979 1291 1028 II,
1317 986 1354 1028 1,
1380 985 1428 1028 33
1463 985 1500 1028 1,
1537 984 1615 1027 173

134 1050 256 1103 Ages.
277 1049 324 1099 V,
347 1055 394 1098 23
418 1054 465 1099 33
487 1048 560 1097 XI,
580 1055 617 1093 6.
658 1049 852 1092 scribenti
885 1049 1006 1091 Dioni
1028 1049 1051 1103 ἓ
1076 1055 1128 1091 14
1160 1061 1239 1090 11011
1272 1049 1412 1091 dubito
1443 1048 1543 1102 quin
1563 1044 1616 1091 ob

135 1120 271 1161 oculos
302 1121 455 1160 versata
476 1119 530 1159 sit
551 1119 830 1171 Xenophontis
860 1118 909 1159 de
940 1116 1166 1175 ἐγκρατείᾳ
1194 1118 1415 1171 disputatio
1436 1119 1614 1172 Apomn.

134 1190 240 1244 11²),
276 1196 313 1238 1,
353 1191 395 1231 et
433 1201 525 1231 cum
558 1188 728 1231 diceret:
769 1180 860 1231 οὐδ’
895 1185 1018 1231 ἔσται
1058 1187 1168 1231 ποτὲ
1205 1186 1364 1238 ἐκεῖνος
1401 1187 1615 1243 βασιλεύς,

135 1252 228 1302 οὐδ’
271 1259 321 1301 ἂν
360 1258 519 1309 πάντες
558 1267 698 1316 φῶσιν
720 1249 917 1317 (Έλληνες
955 1257 1031 1301 καὶ
1065 1257 1301 1315 βάρβαροι,
1342 1260 1452 1300 certe
1492 1258 1530 1300 ei
1570 1257 1614 1300 in

135 1332 312 1372 mentem
337 1330 446 1372 venit
466 1330 746 1383 Xenophontis
767 1331 940 1383 Apomn.
966 1330 1038 1379 ΙΙΙ,
1064 1336 1100 1379 1,
1123 1335 1172 1372 4:
1204 1329 1227 1371 ὁ
1258 1327 1306 1371 δὲ
1334 1329 1394 1385 μὴ
1425 1327 1612 1371 ἐπιστά-

133 1415 256 1454 μενος
286 1398 379 1441 οὔτε
409 1400 644 1457 στρατηγὸς
675 1397 770 1441 οὔτε
800 1396 948 1456 ἰατρός
967 1398 1092 1451 ἐστιν,
1124 1391 1212 1441 οὐδ’
1236 1397 1310 1441 ἐὰν
1330 1399 1417 1441 ὑπὸ
1438 1398 1615 1441 πάντων

134 1470 379 1526 ἀνθρώπων
409 1467 567 1526 αἱρεθῇ
598 1470 668 1524 (cf.
701 1470 824 1511 etiam
858 1470 974 1511 Dion.
1006 1470 1064 1510 IV
1095 1471 1181 1522 25).

222 1540 418 1581 Videmus
462 1539 591 1592 igitur
631 1539 735 1580 haud
774 1551 921 1592 paucos
960 1539 1068 1580 locos
1106 1539 1170 1580 his
1210 1539 1253 1580 in
1292 1539 1525 1581 universum
1565 1539 1614 1581 de

136 1611 237 1652 bono
278 1611 319 1651 et
358 1609 464 1651 malo
503 1621 596 1663 rege
644 1608 765 1650 dictis
803 1609 953 1658 inesse,
1007 1608 1080 1661 qui
1121 1608 1400 1662 Xenophontis
1445 1608 1615 1663 vestigia

133 1693 226 1733 prae
277 1693 319 1722 se
369 1679 512 1721 ferant.
593 1681 730 1732 itaque
783 1678 912 1721 multo
973 1678 1107 1732 plures
1163 1679 1362 1721 eiusmodi
1412 1679 1521 1721 locos
1569 1679 1614 1721 in

134 1749 318 1803 sequenti
362 1751 496 1803 parte,
543 1761 644 1803 quae
687 1750 748 1791 est
787 1748 836 1791 de
874 1748 983 1803 regis
1012 1747 1186 1804 singulis
1216 1748 1459 1799 virtutibus,
1500 1748 1615 1792 inve-

134 1821 215 1861 niri
246 1832 324 1861 non
356 1820 607 1861 mirabimur.
674 1820 897 1872 Xenophon
929 1820 1173 1872 ubicumque
1213 1832 1375 1861 suorum
1417 1820 1613 1861 librorum

133 1888 287 1942 potuit,
326 1887 374 1930 de
406 1889 481 1930 hac
511 1901 555 1930 re
586 1888 710 1938 dixit,
752 1901 831 1931 11011
860 1888 991 1931 solum
1022 1888 1066 1930 in
1097 1888 1170 1938 iis,
1209 1889 1281 1942 qui
1311 1888 1390 1931 toti
1420 1888 1469 1931 ad
1500 1901 1617 1943 reges

133 1959 360 2011 pertinent,
392 1959 479 2000 scil.
541 1959 802 2013 Cyropaedia,
842 1959 1037 2005 Hierone.
1068 1959 1278 2012 Agesilao,
1315 1959 1383 2000 sed
1414 1959 1540 2001 etiam
1571 1959 1614 2001 in

133 2028 238 2075 aliis.
270 2030 317 2070 ut
338 2029 683 2078 Memorabilibus,
705 2029 896 2078 Anabasi,
927 2028 1205 2079 Oeconomico,
1237 2028 1522 2082 Hipparchico.
1573 2030 1617 2070 et

133 2111 377 2152 quamquam
421 2098 826 2146 Lacedaemoniorum
867 2111 997 2140 mores
1036 2111 1156 2153 quam
1196 2098 1372 2140 maxime
1409 2098 1562 2140 distant
1590 2110 1615 2140 a

133 2169 370 2218 Persarum:
413 2172 548 2211 tamen
594 2170 746 2218 effecit,
792 2172 840 2211 ut
878 2181 1015 2211 omnes
1053 2169 1116 2210 sui
1154 2181 1290 2222 regem
1329 2168 1544 2222 Agesilaus
1573 2171 1617 2210 et

133 2237 259 2292 Cyrus
288 2238 436 2292 maj0r,
478 2238 604 2293 Cyrus
641 2239 771 2281 minor
801 2240 844 2281 et
873 2251 942 2281 rex
972 2251 1063 2281 vere
1093 2237 1343 2288 Socraticus,
1374 2238 1455 2280 fere
1486 2237 1615 2281 iidem

227 2424 264 2466 1)
287 2423 402 2459 Etiam
426 2424 535 2459 maior
558 2424 601 2459 fit
625 2425 876 2460 sententiarum
900 2425 1092 2460 similitudo
1116 2436 1166 2468 eo,
1191 2424 1283 2470 quod
1301 2426 1447 2470 uterque
1466 2424 1618 2470 scriptor

132 2483 240 2518 forma
264 2482 435 2517 rhetorica
459 2494 546 2528 quae
571 2483 699 2518 dicitur
722 2484 909 2519 antithesis
933 2484 1057 2519 utitur.
1107 2483 1149 2518 de
1168 2494 1237 2529 qua
1254 2482 1331 2518 vide
1360 2493 1449 2528 quae
1475 2482 1617 2517 Schmid

131 2542 155 2579 1.
181 2542 205 2578 l.
230 2553 263 2588 p.
290 2542 358 2577 172
382 2541 557 2577 disseruit.
607 2554 675 2578 non
699 2545 816 2578 autem
840 2543 1013 2579 assentior
1035 2543 1220 2578 novissimo
1253 2542 1380 2578 editori
1411 2542 1454 2577 de
1477 2541 1617 2586 Arnim,

133 2600 193 2646 qui
228 2600 381 2635 codicum
419 2601 625 2645 scripturam
660 2603 798 2648 μόνους
831 2603 915 2642 τοὺς
951 2603 1119 2646 ἀγαθούς
1150 2601 1301 2635 mutavit
1331 2600 1369 2635 in
1399 2602 1517 2648 μόνον
1550 2602 1617 2635 τὸν

132 2661 288 2706 ἀγαθόν.
336 2659 377 2694 cf.
403 2659 494 2694 enim
513 2669 560 2694 or.
587 2658 637 2693 VI
661 2658 681 2705 ξ
707 2660 764 2696 43.

226 2720 263 2760 2)
286 2717 453 2762 Compara
476 2728 504 2752 e.
530 2728 582 2760 gr.
608 2718 628 2760 ἓ
654 2718 686 2751 7.

1282 2775 1333 2811 1⁸
