1772 2936
872 78 895 115 9

236 204 294 246 De
325 201 505 245 oratione
535 202 576 244 II
606 201 737 243 multo
775 199 936 243 brevius
973 199 1089 242 nobis
1127 199 1327 253 agendum
1367 198 1452 241 fore
1490 198 1573 241 iam
1605 210 1635 240 e

144 276 230 317 toto
269 273 463 325 orationis
503 273 743 326 argumento
783 270 928 313 elucet.
988 270 1109 324 fingit
1149 269 1259 312 enim
1298 270 1375 312 Dio
1420 269 1628 324 dialogum

143 344 252 387 inter
283 343 521 398 Philippum
552 344 594 385 et
623 341 897 385 Alexandrum
930 341 1141 391 habitum,
1173 353 1251 395 quo
1281 340 1509 383 Alexander
1540 340 1626 382 Ho-

146 415 249 457 meri
279 414 466 468 poemata
495 412 580 455 sola
610 412 696 465 regi
725 415 820 466 apta
840 424 924 454 esse
945 411 1131 454 ostendit.
1194 423 1313 464 quam
1343 412 1393 453 ob
1414 424 1499 452 rem
1520 411 1633 452 baudi

145 485 296 527 multas
325 483 546 526 sententias
576 482 626 524 ad
656 482 962 535 Xenophontem
996 481 1136 523 referri
1166 494 1279 534 posse
1316 483 1631 523 consentaneum

145 556 219 604 est,
251 553 331 595 nisi
361 565 463 606 quae
493 552 561 594 hic
590 550 680 594 illic
712 551 833 594 Dioni
864 551 1057 593 scribenti
1087 554 1357 593 occurrerunt.
1418 563 1465 592 ac
1485 549 1633 592 statim

144 624 266 665 initio
306 623 498 664 orationis
538 623 641 676 quod
673 621 901 664 Alexander
940 634 1033 663 cum
1073 621 1163 663 cani
1203 621 1331 663 nobili
1361 622 1627 674 comparatur,

146 694 219 748 qui
249 706 342 747 prae
374 693 543 735 venandi
565 692 788 747 cupiditate
809 706 850 734 se
871 693 1074 735 continere
1096 692 1250 746 nequit,
1282 692 1386 733 hanc
1405 691 1627 745 imaginem

145 764 332 806 haustam
379 776 461 806 esse
503 776 550 805 ex
589 762 868 816 Xenophontis
907 762 1046 817 Cyrop.
1079 762 1112 812 I,
1145 768 1185 812 4,
1220 767 1286 812 15,
1333 774 1412 816 quo
1448 762 1534 803 loco
1579 761 1637 802 de

145 834 245 889 Cyro
275 847 398 888 puero
428 834 509 876 fere
540 834 678 876 eadem
710 833 915 876 similibus
946 833 1079 875 verbis
1110 833 1313 882 dicuntur,
1352 833 1470 875 facile
1501 831 1627 874 intel-

146 905 268 959 legas.
331 905 379 946 de
425 905 533 958 regis
572 904 848 955 humanitate,
895 905 1131 953 clementia,
1174 903 1459 953 beneficentia,
1506 915 1635 956 quam-

146 975 373 1017 Alexander
402 975 426 1027 ἓ
459 981 512 1016 26
544 974 704 1023 laudat,
736 974 817 1015 iam
849 974 1005 1015 dictum
1036 974 1134 1015 satis
1165 976 1226 1014 est
1255 973 1304 1014 ad
1335 974 1507 1033 primam
1540 984 1629 1013 ora-

147 1045 314 1094 tionem.
374 1046 625 1086 transeamus
654 1043 703 1085 ad
734 1044 758 1098 §
784 1049 853 1094 49,
885 1056 985 1098 quae
1017 1045 1079 1085 est
1110 1043 1157 1085 de
1188 1043 1295 1097 regis
1325 1045 1434 1085 veste
1465 1055 1512 1084 ac
1542 1055 1631 1084 cor-

147 1115 256 1169 poris
295 1115 430 1157 cultu:
469 1114 579 1156 ἀλλὰ
610 1114 684 1156 καὶ
714 1114 847 1171 στολῇ
877 1113 954 1156 καὶ
985 1112 1159 1156 ὁπλίσει
1190 1113 1409 1171 διαφέρειν
1445 1114 1527 1167 (δεῖ
1556 1113 1629 1155 τὸν

147 1183 346 1240 βασιλέα)
386 1189 510 1241 παρὰ
551 1185 649 1235 τοὺς
687 1184 843 1235 ἄλλους
882 1182 959 1226 ἐπὶ
998 1185 1049 1226 τὸ
1087 1183 1233 1237 μεῖζον
1263 1183 1339 1226 καὶ
1369 1183 1634 1238 σεμνότερον,

148 1256 199 1297 ad
230 1256 328 1297 haec
358 1256 477 1296 verba
509 1256 688 1297 conferas
718 1267 862 1309 quaeso
893 1254 1174 1308 Xenophontis
1204 1254 1325 1296 verba
1355 1254 1495 1308 Cyrop.
1517 1254 1628 1303 VIII,

152 1333 189 1374 1,
222 1330 278 1366 40
299 1337 365 1375 ss.,
406 1324 554 1377 quibus
584 1325 721 1365 eadem
753 1337 816 1365 res
845 1324 1086 1366 illustratur.
1149 1324 1353 1377 vituperat
1391 1326 1528 1367 autem
1568 1336 1632 1365 se-

149 1394 368 1448 quentibus
399 1394 476 1435 Dio
508 1395 719 1435 Persarum
751 1406 922 1443 morem,
954 1406 1074 1447 quem
1106 1406 1127 1435 e
1159 1393 1439 1447 Xenophontis
1467 1393 1637 1447 scriptis

150 1464 325 1506 maxime
366 1464 499 1514 novit,
547 1464 651 1518 quod
683 1465 827 1505 Persae
859 1465 1050 1506 ornantur
1082 1462 1279 1519 ψελλιόις
1309 1479 1355 1506 τε
1393 1463 1467 1506 καὶ
1506 1478 1629 1520 στρε-

150 1537 292 1586 πτοῖς,
323 1537 494 1590 χρυσοῖς
524 1534 736 1591 φαλάροις
767 1533 842 1576 καὶ
859 1532 1067 1587 χαλίναις,
1100 1535 1150 1576 cf.
1171 1548 1204 1576 e.
1226 1548 1265 1588 g.
1290 1535 1418 1576 Anab.
1441 1535 1473 1584 I,
1499 1541 1537 1584 2,
1560 1541 1629 1577 27.

151 1617 219 1646 rex
251 1605 378 1646 bonus
408 1617 449 1646 se
480 1604 658 1646 abstinet
688 1617 711 1646 a
740 1605 823 1645 risu
856 1604 1083 1654 immodico,
1116 1606 1163 1647 ut
1192 1617 1234 1646 se
1254 1604 1442 1659 indigno:
1474 1605 1532 1647 sic
1553 1604 1639 1647 Dio

150 1677 175 1727 ξ
199 1680 252 1717 56
276 1676 318 1716 et
337 1675 559 1727 Xenophon
582 1672 722 1728 Cyrop.
741 1675 851 1723 VIII,
877 1682 914 1723 1,
939 1681 1006 1716 33.
1067 1675 1110 1715 in
1141 1674 1220 1715 fine
1249 1675 1442 1716 orationis
1462 1675 1633 1728 scriptor

151 1743 286 1798 posuit
325 1743 666 1798 comparationem
705 1744 800 1786 boni
839 1743 948 1797 regis
987 1756 1079 1786 cum
1121 1746 1235 1786 tauro
1266 1744 1521 1793 institutam,
1562 1744 1633 1787 de-

150 1815 376 1867 promptam
400 1826 447 1854 ex
469 1814 645 1854 Homero
667 1814 732 1866 (Il.
754 1817 793 1868 β.
814 1815 930 1866 481),
953 1815 1184 1855 exornatam
1206 1826 1300 1855 vero
1323 1814 1465 1856 multis
1486 1815 1637 1857 verbis.

152 1883 355 1936 permulta
385 1883 452 1924 hic
491 1884 659 1936 repetit,
699 1896 800 1937 quae
837 1884 919 1925 iam
951 1884 995 1925 in
1025 1885 1158 1937 prima
1188 1885 1367 1926 oratione
1399 1885 1629 1938 explicavit,

150 1953 200 1994 cf.
235 1965 269 1994 e.
301 1965 341 2006 g.
373 1965 474 2006 quae
506 1953 554 1994 de
585 1953 691 1995 Iovis
722 1965 844 2008 regno
876 1953 985 1996 dicta
1020 1956 1127 1996 sunt.
1189 1954 1325 1996 taedet
1355 1954 1461 1997 locos
1493 1955 1629 1997 Xeno-

150 2023 344 2076 phonteos
387 2024 547 2072 afferre,
594 2036 763 2077 quorum
810 2024 894 2077 ipse
941 2024 1232 2073 recordaberis,
1285 2038 1376 2066 cum
1425 2026 1534 2079 leges
1579 2026 1636 2068 τὸ-

151 2093 305 2149 ἤμερον
335 2100 411 2149 τῆς
441 2093 608 2149 φύσεως
639 2125 648 2135 .
672 2126 681 2135 .
705 2126 714 2135 .
747 2094 822 2150 τὴν
851 2092 961 2149 ὑπὲρ
992 2102 1077 2136 τῶν
1097 2092 1336 2150 ἀρχομένων
1357 2095 1640 2151 προμήθειαν·

151 2162 191 2215 (ἓ
224 2164 309 2216 67).
369 2162 584 2215 βασιλεύει
615 2162 663 2204 δὲ
694 2161 768 2204 καὶ
808 2162 927 2219 ἄρχει
956 2172 1042 2204 τῶν
1082 2163 1308 2220 ὁμοφύλων
1346 2156 1436 2217 μετ’
1469 2162 1641 2214 εὐνοίας·

152 2231 359 2284 multaque
390 2232 482 2273 alia.
546 2232 651 2284 quod
682 2233 833 2274 attinet
863 2233 912 2274 ad
942 2233 1101 2286 tyranni
1135 2234 1368 2287 imaginem,
1400 2233 1532 2286 qualis
1564 2233 1633 2274 de-

151 2300 337 2354 pingitur
374 2303 399 2354 §
434 2307 500 2351 75,
549 2301 701 2356 optime
747 2302 934 2357 congruit
979 2316 1073 2345 cum
1119 2303 1397 2357 Xenophontis
1444 2304 1633 2354 Hierone,

152 2383 271 2423 quem
303 2373 373 2424 qui
399 2371 508 2425 legit
538 2373 575 2413 ei
607 2385 685 2414 non
717 2386 815 2426 opus
845 2375 907 2415 est
936 2374 1052 2427 plum
1077 2374 1230 2415 afferre.
1291 2375 1376 2428 ipse
1398 2374 1477 2416 Dio
1496 2374 1636 2417 laudat

151 2441 259 2482 inter
275 2441 398 2483 bonos
414 2454 529 2495 reges
550 2442 696 2497 Cyrum
720 2444 761 2485 et
782 2443 849 2485 hic
870 2445 912 2486 et
932 2443 1033 2486 alibi
1054 2444 1128 2495 (or.
1145 2444 1276 2494 XXV,
1292 2450 1337 2493 53
1360 2444 1463 2494 LVI,
1481 2450 1507 2486 4
1525 2446 1634 2498 etta).

153 2523 280 2553 unum
322 2523 413 2552 vero
444 2512 542 2553 licet
573 2512 707 2554 locum
740 2513 966 2555 accuratius
996 2526 1201 2567 compares
1230 2527 1323 2556 cum
1354 2514 1642 2567 Xenophonte,

152 2582 176 2635 ξ
209 2587 262 2624 78
294 2593 385 2622 cum
418 2581 520 2622 Xen.
554 2583 727 2635 Apomn.
759 2584 812 2633 II,
848 2591 885 2633 1,
918 2589 986 2626 33.
1047 2596 1146 2638 quae
1178 2584 1403 2626 Alexander
1443 2584 1490 2626 de
1529 2584 1634 2626 Her·

153 2651 256 2694 culis
286 2654 376 2705 post
406 2654 576 2693 mortem
609 2653 805 2695 memoria
837 2653 959 2704 dicit,
1001 2654 1087 2695 sine
1128 2654 1250 2708 dubio
1288 2657 1449 2709 sumpta
1488 2657 1583 2697 sunt
1613 2667 1643 2696 e

153 2721 290 2763 fabula
323 2721 523 2764 Prodicea.
