1772 2936
845 29 900 68 56

126 149 284 200 ceteris,
306 149 356 192 de
378 161 491 192 servo
507 149 682 205 fugitivo
704 151 748 205 ¹),
770 151 819 193 de
835 151 1000 194 deorum
1017 163 1197 194 sermone
1217 152 1266 205 ²),
1280 151 1329 193 de
1347 150 1551 205 Oedipode
1569 151 1617 205 ³),

127 219 234 270 aliis,
265 231 368 274 quae
388 231 469 263 non
489 221 552 264 est
571 220 671 276 quin
692 220 864 264 Dionem
886 221 1021 276 ipsum
1042 220 1312 276 composuisse
1331 222 1534 275 putemus,
1557 233 1614 271 ea,

127 302 228 344 quae
259 289 310 331 ad
342 290 654 344 Xenophontem
684 290 873 341 redeunt,
905 293 1014 334 certe
1046 292 1123 334 Dio
1153 291 1392 333 immiscuit.
1455 292 1537 333 iam
1569 291 1614 332 E.

128 358 282 403 Weber
311 359 540 414 suspicatus
569 361 632 403 est
661 360 835 403 Dionem
866 361 910 403 in
941 362 965 416 §
998 367 1169 406 17-22
1202 360 1451 418 elaborandis
1480 361 1616 403 Xeno-

126 430 324 483 phontem
355 432 540 472 secutum
571 442 681 480 esse„
701 431 875 484 Apemn.
906 431 978 480 IV,
1012 438 1061 480 2,
1092 437 1278 474 24—30.
1340 430 1526 485 equidem
1568 430 1616 472 de

125 500 202 542 hac
231 511 276 542 re
308 512 387 542 non
418 499 574 542 dubito.
620 499 798 553 primum
831 500 986 554 inspice
1017 501 1194 543 similem
1228 500 1502 554 interrogandi
1533 500 1614 542 for-

129 581 240 612 mam
278 568 385 623 apud
416 569 591 611 Dionem
628 570 653 624 ἓ
685 575 737 612 22
781 571 824 612 et
854 570 1165 624 Xenophontem
1195 570 1219 624 ἓ
1251 575 1320 612 24.
1381 569 1504 612 etiam
1536 569 1620 614 alia

128 639 284 682 similia
313 641 428 681 sunt:
473 640 633 694 utrique
666 642 709 681 et
738 640 895 682 Socrati
927 642 968 682 et
996 640 1170 693 Diogeni
1200 639 1355 694 aliquid
1386 640 1615 694 cognovisse

129 708 238 751 idem
260 711 322 751 est
342 722 389 752 ac
419 722 532 763 posse
563 722 609 751 3ο
640 710 725 751 utiz
757 710 837 751 Dio
868 711 891 763 ἓ
924 717 998 753 17:
1026 713 1219 767 χρῆσθαι
1252 741 1289 750 ..
1307 741 1317 751 .
1350 709 1478 752 αὐτὸν
1498 708 1615 766 αὐτῷ

127 780 187 837 μὴ
218 778 516 833 ἐπιστάμενον,
556 780 659 821 Χ311.
692 780 717 833 ἓ
748 785 825 822 25:
866 780 1000 829 οὕτως
1030 779 1054 821 ὁ
1086 776 1235 822 ἑαυτὸν
1266 777 1614 834 ἐπισκεψάμενος

129 849 284 900 ὁποῖός
315 848 408 891 ἐστι
439 849 550 904 πρὸς
579 849 655 905 τὴν
685 846 964 905 ἀνθρωπίνην
992 846 1138 905 χρείαν
1168 845 1320 903 ἔγνωκε
1356 849 1431 905 τὴν
1462 845 1615 891 ἑαυτοῦ

129 919 319 972 δύναμιν.
378 919 449 973 qui
479 918 653 961 alicuius
684 918 742 960 rei
775 918 939 972 ignarus
969 930 1015 960 33
1045 918 1108 960 uti
1140 920 1317 969 conatur,
1350 918 1496 961 damno
1527 918 1616 961 affi-

129 989 249 1032 citur.
310 988 369 1031 sic
399 989 480 1031 Dio
510 989 534 1042 §
567 996 732 1043 17sqq.,
764 989 869 1031 Xen.
901 989 925 1042 ξ
958 995 1025 1032 26.
1086 989 1258 1039 accedit,
1301 989 1405 1044 quod
1444 992 1614 1044 uterque

128 1058 301 1112 scriptor
340 1058 390 1101 ad
438 1059 594 1101 dictum
641 1058 744 1100 illud
787 1058 1075 1101 illustrandum
1116 1059 1247 1113 primo
1294 1072 1442 1113 equum
1487 1061 1615 1112 affert,

128 1128 210 1172 Dio
249 1130 273 1183 ἓ
307 1137 374 1179 17,
422 1130 646 1183 Xenophon
686 1130 710 1183 ξ
751 1135 819 1172 25.
891 1131 1024 1172 cetera
1069 1130 1250 1184 exempla
1290 1143 1311 1171 e
1351 1131 1616 1184 Xenophonte

129 1200 275 1241 hausta
305 1212 388 1241 esse
429 1212 549 1253 supra
586 1200 870 1243 demonstravi.
933 1200 1036 1254 quod
1076 1201 1243 1242 verbum
1282 1203 1473 1257 χρῆσθαι
1512 1201 1615 1254 apud

129 1267 304 1311 Dionem
338 1269 491 1323 duplici
522 1282 640 1312 sensu
681 1273 918 1323 usurpatur,
958 1271 1064 1323 apud
1104 1272 1414 1324 Xenophontem
1453 1271 1615 1324 quidem

128 1351 208 1381 non
239 1341 314 1390 est,
346 1339 414 1382 sed
444 1340 520 1383 hoc
549 1340 673 1383 Dioni
705 1341 906 1394 sophistae
937 1340 1016 1395 ipsi
1047 1341 1215 1384 tribuas.

217 1411 302 1453 OR.
336 1412 451 1453 XIII.
503 1405 827 1464 SupraDionem
849 1412 898 1453 ad
920 1413 1024 1453 hanc
1044 1412 1265 1453 orationem
1285 1413 1318 1465 4)
1343 1411 1615 1453 Pseudo-Pla-

128 1481 237 1527 tonis
257 1480 559 1535 Clitophontem
592 1480 824 1524 adhibuisse
846 1480 943 1529 dixi,
975 1481 1043 1524 sed
1074 1493 1319 1535 quamquam
1350 1480 1616 1523 demonstrari

127 1553 262 1604 potest
303 1551 354 1593 ad
394 1551 562 1593 verbum
602 1551 710 1592 haud
748 1551 887 1604 paucis
926 1552 1025 1592 haec
1064 1552 1142 1592 duo
1181 1552 1331 1604 scripta
1376 1551 1614 1599 consentire,

129 1622 268 1664 tamen
299 1632 449 1671 vereor,
481 1633 531 1662 ne
561 1618 652 1675 quis
683 1620 787 1662 mihi
820 1620 990 1663 obiciat:
1032 1623 1076 1662 at
1106 1633 1163 1670 ea,
1195 1633 1304 1675 quae.
1326 1623 1372 1662 tu
1403 1620 1453 1662 ad
1485 1619 1612 1662 Clito-

126 1691 320 1744 phontem
363 1689 495 1732 redire
536 1702 694 1740 censes,
734 1690 995 1732 Antisthenis
1034 1702 1119 1732 esse
1150 1689 1389 1732 Duemmler
1427 1690 1470 1731 in
1507 1691 1613 1732 Aca-

128 1760 298 1805 demicis
328 1773 367 1814 p.
392 1768 533 1803 1--17
567 1760 757 1803 ostendit.
799 1773 878 1814 qua
898 1773 940 1801 re
971 1773 1078 1801 nunc
1109 1760 1336 1802 accuratius
1366 1759 1470 1800 hanc
1491 1772 1614 1812 quae-

126 1829 303 1872 stionem
333 1831 576 1880 tractemus,
618 1831 747 1872 totam
780 1830 1001 1872 orationem
1043 1829 1355 1883 perlustremus,
1393 1828 1613 1878 videamus,

126 1913 225 1943 num
256 1900 498 1943 Duemmler
529 1902 637 1942 recte
668 1900 908 1943 iudicaverit
938 1913 1075 1942 necne.

217 1970 356 2012 Prima
387 1968 581 2012 orationis
610 1971 725 2023 parte
745 1970 826 2012 Dio
847 1972 1008 2012 narrata
1028 1971 1090 2012 sui
1122 1969 1235 2012 exilii
1265 1981 1397 2029 causa·
1414 1970 1462 2011 de
1493 1969 1613 2011 exilio

127 2040 213 2093 ipso
246 2040 449 2093 disputat,
480 2052 532 2081 an
564 2040 717 2081 malum
750 2042 805 2082 sit
835 2041 876 2093 (ξ
911 2042 1052 2093 1-8).
1113 2040 1217 2081 113113
1246 2043 1402 2092 partem
1433 2040 1613 2093 cynicam

127 2122 211 2153 3333
242 2122 323 2153 11011
355 2109 577 2152 verisimile
609 2113 683 2161 est,
714 2110 908 2164 quoniam
938 2110 1019 2152 Dio
1048 2110 1073 2163 ἓ
1101 2115 1126 2152 8
1159 2110 1327 2152 exilium
1359 2108 1407 2152 οὐ
1438 2108 1613 2160 πάντως

125 2179 258 2222 30111111
288 2180 499 2236 βλαβερὸν
528 2179 604 2222 καὶ
636 2179 882 2237 ἀσύμφορον
920 2193 1004 2223 3333
1035 2180 1147 2223 dicit.
1210 2193 1311 2234 quae
1342 2180 1377 2222 si
1409 2192 1613 2233 comparas

221 2333 257 2374 1)
281 2331 332 2368 Cf.
357 2331 484 2367 Weber
508 2344 541 2378 p.
568 2332 648 2367 142.

220 2391 257 2432 2)
280 2390 332 2425 Ex
355 2390 514 2425 Platonis
538 2389 691 2435 Craty10‚
726 2391 767 2425 cf.
802 2401 890 2436 quae
923 2401 1029 2436 supra
1053 2390 1133 2425 dixi.
1182 2389 1305 2435 Hagen
1329 2401 1362 2436 p.
1387 2389 1434 2425 44
1466 2389 1610 2425 Di0nem

124 2450 182 2484 hic
206 2461 274 2484 non
299 2461 317 2484 e
341 2449 487 2484 Platone
511 2449 605 2495 ipso,
632 2449 692 2484 sed
717 2460 757 2484 ex
781 2449 913 2495 Apione
945 2449 1102 2484 hausisse
1127 2449 1306 2484 contendit
1337 2449 1392 2491 (cf.
1418 2460 1451 2494 p.
1477 2449 1523 2484 62
1533 2460 1583 2494 sq.
1587 2450 1618 2490 ).-

126 2508 187 2542 sed
211 2510 344 2542 oertum
368 2507 533 2541 iudicium
559 2508 601 2542 de
625 2518 665 2541 ea
690 2518 727 2540 re
751 2507 832 2541 ferri
857 2507 989 2552 nequit,
1020 2517 1098 2541 cum
1122 2506 1188 2541 Dio
1212 2506 1369 2541 Platonis
1395 2507 1437 2541 de
1461 2506 1612 2541 Homero

124 2566 320 2601 sententias
345 2565 474 2612 optime
498 2567 642 2601 noverit.

220 2626 257 2666 3)
281 2624 332 2660 cf.
357 2624 484 2659 Weber
507 2636 540 2670 p.
569 2625 635 2659 143
646 2635 721 2670 sqq.

219 2683 257 2726 4)
282 2682 482 2719 Orationem
505 2682 574 2718 fine
598 2694 713 2718 carere
737 2683 862 2718 Reiske
887 2683 984 2718 vidit.
