1772 2936
854 86 906 123 21

141 215 339 255 narratur.
391 213 460 255 sed
490 218 734 265 quamquam
763 210 1001 253 verisimilis
1031 210 1137 251 haud
1169 211 1279 251 certa
1309 211 1369 252 est
1399 210 1499 251 haec
1529 209 1625 252 imi-

140 283 264 335 tatio,
306 295 400 325 cum
431 281 509 323 Dio
539 281 624 335 ipse
655 281 763 322 hunc
802 293 954 323 morem
985 292 1098 322 nosse
1128 279 1320 334 potuerit.
1381 279 1522 322 eadem
1562 292 1626 323 res

142 355 205 395 est
234 353 283 394 de
313 351 476 394 Pontici
515 350 650 392 mellis
689 350 892 404 exemplo,
932 350 1037 404 quod
1069 350 1147 391 Dio
1177 362 1233 391 or.
1264 350 1337 399 IX,
1368 350 1393 403 §
1426 355 1450 392 6
1494 350 1622 392 affert.

144 423 241 466 haec
261 421 443 475 exempla
463 434 484 462 e
500 421 766 474 Xenophonte
787 421 932 463 hausta
957 433 1041 463 esse
1062 420 1325 462 verisimilius
1353 419 1402 461 fit
1431 433 1490 470 eo,
1521 420 1626 475 quod

144 493 269 535 etiam
299 491 393 533 aliis
422 490 522 532 locis
557 491 658 533 talia
688 491 871 545 exempla
908 503 932 533 a
961 491 1227 544 Xenophonte
1268 490 1502 544 deprompta
1542 502 1626 533 esse

143 562 386 605 invenimus.
437 561 484 603 de
506 562 719 603 Persarum
750 562 942 612 moribus,
974 561 1198 611 venatione,
1229 560 1324 602 aliis
1354 561 1436 602 iam
1468 560 1624 603 dictum

144 634 216 682 est,
248 631 296 673 de
317 631 666 686 Mossynoecorum
688 644 781 686 rege
802 631 1030 674 videbimus
1051 631 1156 672 infra
1176 644 1230 673 or.
1250 632 1360 681 XIV,
1393 638 1461 675 20.
1512 632 1624 673 aliud

142 715 269 757 genus
299 702 573 756 exemplorum
613 715 657 745 ea
688 705 804 751 sunt,
844 715 943 757 quae
974 703 1198 756 Xenophon
1229 702 1314 756 ipse
1345 715 1366 744 e
1398 703 1552 758 mythis
1582 704 1625 745 et

143 773 293 815 fabulis
322 774 470 823 hausit,
502 775 550 815 ut
580 773 985 816 commemoravimus
1007 773 1167 814 Tantali
1198 773 1401 815 fortunam
1423 773 1511 828 (VI,
1538 774 1624 828 55),

143 843 285 886 Circen
306 844 435 896 (VIII,
469 847 556 894 21),
588 856 708 898 quem
735 844 869 886 locum
900 856 1104 896 compares
1135 856 1227 885 cum
1250 844 1423 896 Apomn.
1445 844 1478 892 I,
1512 849 1551 893 3,
1585 850 1624 886 7.

143 914 373 969 ceteroquin
405 913 471 956 his
499 914 652 956 duabus
682 915 929 956 orationibus
960 914 1027 956 vix
1067 913 1289 968 quidquam
1329 913 1464 956 simile
1503 914 1623 964 inest,

142 997 383 1039 quamquam
429 986 477 1026 de
518 985 793 1038 voluptatibus
823 985 1045 1038 Xenophon
1086 984 1279 1026 similiter
1318 984 1522 1026 Socratem
1560 983 1624 1025 di-

143 1058 299 1098 centem
331 1054 430 1098 facit
460 1055 604 1098 Oecon.
637 1056 669 1106 I,
703 1062 807 1099 20—
821 1062 888 1099 23.
1325 1061 1328 1067 '

230 1127 276 1167 In
301 1126 479 1167 oratione
496 1126 534 1167 X
558 1127 756 1180 Diogenes
776 1139 868 1167 cum
891 1126 1065 1179 quodam
1086 1127 1340 1181 colloquitur,
1372 1127 1442 1182 qui
1463 1139 1623 1169 servum

142 1197 363 1252 fugitivum
395 1196 664 1251 requisiturus
702 1198 904 1251 profectus
943 1200 1015 1239 est.
1078 1198 1277 1252 Diogenes
1306 1200 1520 1252 postquam
1550 1199 1624 1241 ho-

143 1268 297 1309 minem
328 1267 453 1309 stulte
483 1279 600 1321 agere
633 1267 836 1321 coarguit,
877 1280 969 1309 cum
1009 1267 1080 1309 ille
1121 1280 1162 1309 se
1201 1267 1352 1310 oraculi
1389 1266 1623 1309 consulendi

143 1329 260 1380 causa
282 1337 458 1390 Delphos
486 1337 686 1390 proficisci
713 1338 873 1387 dixerit,
901 1338 1025 1379 etiam
1049 1339 1123 1379 hoc
1143 1338 1316 1380 stultum
1334 1350 1418 1379 esse
1435 1337 1623 1379 ostendit.

144 1406 325 1449 invenies
356 1407 480 1448 etiam
511 1406 553 1447 in
585 1407 660 1448 hac
698 1407 876 1449 oratione
908 1407 1188 1461 Xenophontis
1226 1407 1410 1462 vestigia.
1472 1407 1623 1450 etenim

141 1480 352 1531 postquam
383 1477 583 1531 Diogenes
623 1478 830 1519 hominem
861 1478 981 1519 illum
1013 1491 1058 1519 eo
1097 1478 1288 1527 adduxit,
1329 1482 1376 1520 ut
1407 1478 1621 1531 intellegat

143 1547 289 1589 melius
319 1560 361 1589 se
391 1547 525 1589 vivere
556 1547 643 1589 sine
674 1561 798 1598 servo,
829 1561 949 1603 quam
982 1561 1074 1590 cum
1107 1561 1164 1599 eo,
1196 1550 1314 1590 homo
1336 1548 1436 1590 dicit
1462 1561 1623 1590 servum

144 1631 185 1659 se
218 1619 473 1660 venditurum
510 1631 606 1667 esse,
638 1619 675 1659 si
704 1619 912 1672 receperit.
956 1632 1035 1673 qua
1065 1620 1113 1660 de
1143 1632 1261 1661 causa
1277 1620 1477 1673 Diogenes
1506 1618 1622 1660 valde

144 1701 237 1731 eum
268 1688 471 1742 vituperat
502 1690 544 1731 et
573 1689 807 1744 interrogat,
839 1703 935 1732 num
969 1689 1181 1743 pecuniam
1209 1689 1377 1739 timeat;
1406 1689 1621 1743 pecuniam

143 1759 251 1799 enim
282 1758 334 1799 iis
364 1770 517 1806 nocere,
549 1759 619 1813 qui
651 1771 696 1799 ea
726 1759 789 1800 uti
820 1761 1029 1813 nequeant.
1081 1770 1251 1813 quacum
1278 1759 1480 1801 sententia
1511 1771 1623 1801 com-

141 1829 272 1883 parari
292 1832 458 1882 possunt
473 1829 674 1872 Critobuli
695 1830 816 1872 verba
836 1830 879 1872 in
902 1830 1004 1871 Xen.
1027 1829 1120 1872 Oec.
1143 1831 1173 1879 Ι,
1203 1835 1276 1871 12:
1308 1828 1442 1884 λέγειν
1463 1827 1621 1881 ἔοικας,

142 1897 176 1941 ὦ
208 1899 453 1955 Σώκρατες,
491 1899 559 1942 ὅτι
591 1899 688 1943 οὐδὲ
717 1900 767 1942 τὸ
803 1899 1001 1957 ἀργύριόν
1032 1898 1125 1943 ἐστι
1153 1900 1365 1957 χρήματα,
1397 1897 1434 1942 εὶ
1464 1900 1523 1957 μή
1555 1915 1621 1950 τις

142 1967 372 2012 ἐπίσταιτο
401 1977 594 2027 χρῆσθαι
626 1970 744 2027 αὐτῷ
774 1971 864 2013 κτλ.
926 1971 995 2012 sed
1026 1971 1124 2012 licet
1154 1971 1315 2024 longius
1354 1971 1541 2024 progredi
1581 1973 1624 2012 et

142 2042 276 2082 totum
309 2040 426 2082 illum
460 2041 718 2084 Oeconomici
756 2042 889 2084 locum
922 2054 1015 2083 cum
1046 2041 1121 2083 hac
1158 2041 1351 2083 orationis
1381 2044 1495 2095 parte
1526 2054 1621 2083 con·

142 2110 257 2159 ferre,
291 2123 384 2151 nam
414 2111 559 2163 quibus
587 2112 654 2152 hic
676 2111 753 2153 Dio
775 2112 968 2164 exemplis
999 2111 1142 2160 utitur,
1175 2112 1307 2152 omnia
1340 2112 1421 2152 fere
1452 2111 1623 2152 redeunt

141 2179 191 2221 ad
219 2180 528 2233 Xenophontem
563 2194 690 2236 neque
724 2182 838 2224 abest
868 2181 1080 2224 verborum
1109 2181 1348 2223 similitudo.
1400 2181 1490 2222 vide
1512 2180 1621 2222 enim

141 2250 369 2303 exemplum
412 2263 604 2305 equorum
643 2251 749 2306 apud
780 2251 952 2294 Dionem
992 2252 1015 2306 ἓ
1052 2258 1124 2302 17,
1165 2254 1267 2306 apud
1311 2251 1620 2305 Xenophontem

141 2321 165 2373 ἓ
196 2327 243 2370 8,
282 2333 472 2373 pecorum
505 2322 622 2364 Dion.
654 2323 678 2375 ξ
711 2329 789 2372 18,
834 2323 936 2364 Xen.
968 2323 992 2375 ἓ
1026 2329 1072 2372 9,
1115 2323 1309 2364 tibiarum
1345 2323 1460 2364 Dion.
1494 2323 1518 2374 ξ
1551 2328 1620 2371 20,

141 2390 420 2444 Xenophontis
449 2391 474 2445 ξ
507 2398 583 2443 10,
624 2394 666 2435 et
696 2391 863 2435 fortasse
903 2391 1027 2436 etiam
1060 2394 1187 2435 terrae
1219 2393 1469 2446 exemplum,
1516 2392 1622 2446 quod

144 2461 220 2501 Dio
250 2462 459 2512 usurpavit
489 2463 512 2513 ξ
547 2468 622 2511 15,
653 2463 912 2515 Xenophonti
944 2463 1063 2503 debet
1092 2463 1132 2514 (ξ
1164 2464 1220 2515 8).
1281 2463 1462 2503 videmus
1492 2462 1623 2514 igitur

143 2529 265 2573 etiam
297 2529 477 2572 ordinem
510 2543 646 2574 rerum
677 2544 725 2574 ex
755 2533 867 2587 parte
899 2531 1062 2587 quidem
1082 2545 1105 2574 a
1122 2532 1250 2574 Dione
1281 2534 1492 2582 servatam,
1524 2545 1622 2586 qua-

142 2602 223 2642 lem
268 2600 373 2653 apud
411 2601 720 2654 Xenophontem
768 2603 871 2656 legit
891 2603 935 2656 ι).
1002 2614 1103 2655 quae
1150 2602 1291 2643 deinde
1335 2602 1532 2656 Diogenes
1573 2601 1621 2643 de

238 2753 273 2794 1)
299 2751 374 2795 Qua
399 2751 441 2787 de
465 2763 501 2787 re
519 2751 708 2797 Xenophon
727 2752 834 2788 etiam
853 2753 931 2788 aliis
949 2753 1033 2788 locis
1052 2743 1208 2799 loquitur
1231 2753 1340 2788 isdem
1364 2752 1433 2787 fere
1458 2753 1623 2799 exemplis
