1772 2936
850 75 905 114 20

132 200 252 254 plane
292 199 548 243 consentiens
581 211 676 241 cum
715 200 998 254 Xenophontis
1039 199 1208 242 Hieron.
1238 200 1300 249 ΙΙ,
1342 207 1419 242 7—
1433 204 1507 249 18,
1552 199 1624 253 qui

134 282 274 325 pacem
295 268 480 325 tyrannis
499 268 665 312 omnino
697 281 778 312 non
809 282 906 320 esse,
938 269 1094 312 bellum
1124 282 1218 312 vero
1248 283 1298 311 ne
1328 270 1429 312 bene
1459 268 1622 324 quidem

131 341 294 394 gestum
326 340 363 381 ei
395 339 543 393 gaudio
564 341 606 381 et
626 339 768 381 honori
789 351 874 381 esse
902 339 1091 382 ostendit.
1144 341 1234 382 tum
1255 339 1390 394 pergit
1411 339 1623 393 Diogenes,

134 422 185 452 ne
206 410 361 452 civium
390 409 512 452 rebus
531 408 718 452 secundis
748 408 914 463 quidem
945 411 1164 464 tyrannum
1196 409 1400 459 delectari,
1433 408 1632 463 quoniam,

134 489 274 521 eorum
292 478 552 521 insolentiam
572 479 731 521 timeat.
778 491 953 532 quocum
976 479 1064 521 loco
1078 479 1258 522 conferas
1275 480 1441 521 Hieron.
1460 478 1509 529 V,
1529 484 1556 520 4
1576 480 1624 533 ¹).

134 548 242 603 quod
275 550 353 592 Dio
385 550 530 592 deinde
562 563 759 604 nusquam
792 562 929 603 regem
960 562 984 591 a
1004 549 1152 592 timore
1185 551 1357 592 liberum
1390 562 1473 592 esse
1494 562 1624 603 neque

135 619 245 662 domi
278 632 410 674 neque
443 620 540 663 foris
571 620 686 670 dicit,
718 620 921 662 consentit
950 633 1043 662 cum
1075 620 1243 662 Hieron.
1276 621 1329 671 11,
1362 626 1518 671 8—10,
1553 620 1624 663 ubi

134 692 177 733 et
206 690 250 732 in
281 703 380 745 pace
411 693 453 734 et
482 690 527 733 in
559 691 667 734 bello
697 691 875 745 privatos
904 692 1075 746 tyranno
1105 691 1324 733 securiores
1345 691 1478 734 vivere
1499 691 1624 734 Hiero

135 761 264 803 docet.
301 763 465 815 propter
490 762 599 803 hunc
613 762 821 803 assiduum
839 762 981 803 mortis
996 761 1187 802 timorem
1204 773 1273 802 rex
1293 762 1318 814 ξ
1336 767 1390 804 55
1408 774 1499 803 cum
1517 762 1624 803 Tan-

132 831 217 874 talo
242 837 509 885 comparatur.
560 832 727 874 eandem
750 832 1091 886 comparationem
1112 831 1344 873 invenimus
1363 831 1469 885 apud
1487 832 1623 874 Xeno-

133 901 328 955 phontem
351 901 396 943 in
418 901 683 944 Oeconomico
711 902 786 944 sub
807 901 942 952 finem,
975 902 1089 944 cuius
1110 901 1188 944 loci
1211 901 1382 943 Dionem
1403 913 1624 943 memorem

133 971 259 1013 fuisse
307 971 531 1013 verisimile
580 974 653 1014 cst.
723 985 790 1013 rex
839 972 971 1013 malus
1018 984 1156 1013 omnes
1202 971 1387 1013 homines
1423 972 1545 1013 timet
1583 974 1625 1013 et

138 1041 336 1096 ingenuos
364 1042 527 1097 propter
557 1041 792 1086 libertatem
823 1044 865 1085 et
894 1041 1142 1092 adulatores,
1182 1041 1373 1097 quoniam
1410 1041 1625 1085 veritatem

136 1112 424 1163 dissimulant:
463 1113 523 1154 sic
562 1113 641 1154 Dio
679 1114 704 1166 ξ
736 1120 790 1156 57
832 1115 873 1154 et
913 1114 1017 1154 Xen.
1057 1114 1223 1154 Hieron.
1257 1113 1307 1163 V,
1350 1120 1442 1166 lsq.
1481 1112 1625 1154 deinde

135 1181 241 1238 quod
273 1182 351 1226 Dio
391 1184 548 1239 pergit:
587 1182 663 1227 καὶ
704 1183 1025 1241 λοιδορούμενος
1063 1181 1411 1234 πολλαπλασίως
1450 1182 1625 1226 ἀνιᾶται

133 1253 161 1309 ἢ
206 1252 337 1303 ἄλλος
383 1285 393 1295 .
411 1285 421 1295 .
440 1285 451 1295 .
498 1253 807 1308 ἐπαινούμενος
850 1253 898 1296 δὲ
950 1253 1023 1307 οὐχ
1067 1254 1236 1312 ἥδεται,
1293 1265 1479 1307 compara
1523 1265 1624 1307 quae

135 1323 262 1365 Hiero
293 1324 326 1373 Ι,
363 1329 415 1366 16
448 1323 551 1367 dicit
580 1325 806 1367 laudatores
836 1325 997 1379 tyranni
1027 1324 1272 1366 adulationis
1302 1336 1421 1366 causa
1458 1324 1623 1366 laudare

133 1392 333 1447 putandos
372 1405 479 1444 esse,
520 1395 702 1435 tacentes
741 1396 879 1436 autem
911 1406 961 1435 ne
993 1393 1224 1448 vituperent
1262 1395 1407 1436 tacere.
1470 1392 1514 1434 in
1544 1392 1624 1435 fine

133 1463 257 1505 huius
311 1463 440 1516 partis
492 1463 568 1505 Dio
619 1477 757 1506 rursus
801 1464 1030 1506 amicitiam
1080 1476 1287 1505 summum
1336 1464 1487 1506 bonum
1539 1476 1624 1506 esse

134 1532 259 1584 dicit,
299 1535 415 1576 cuius
454 1535 650 1588 tyrannus
690 1547 830 1588 expers
867 1534 923 1576 sit
961 1533 1147 1587 (Hieron.
1178 1534 1260 1584 III,
1303 1540 1326 1576 3
1369 1535 1411 1576 et
1440 1534 1523 1584 ΙΙΙ,
1567 1535 1623 1589 6).

134 1605 272 1653 restat,
303 1605 352 1646 ut
382 1604 477 1657 ad§
500 1610 552 1647 61
586 1605 762 1655 afferam,
801 1617 903 1659 quae
933 1605 1199 1646 Antisthenes
1229 1605 1274 1645 in
1295 1604 1431 1658 Symp.
1460 1605 1532 1655 IV,
1565 1610 1622 1646 40

135 1672 259 1718 dicit:
298 1671 342 1718 εἴ
377 1673 462 1729 μού
497 1690 566 1726 τις
604 1673 681 1718 καὶ
711 1675 768 1718 τὰ
798 1682 869 1718 νῦν
898 1672 1001 1719 ὄντα
1040 1672 1299 1732 παρέλοιτο,
1340 1673 1462 1718 οὐδὲν
1492 1674 1624 1726 οὕτως

134 1744 221 1801 ὁρῶ
263 1744 430 1801 φαῦλον
468 1741 612 1801 ἔργον,
657 1744 812 1787 ὁποῖον
855 1744 933 1787 οὐκ
968 1744 1183 1801 ἀρκοῦσαν
1222 1745 1274 1786 ἂν
1318 1745 1481 1803 τροφὴν
1526 1743 1623 1798 ἐμοὶ

134 1812 334 1871 παρέχοι.
365 1815 426 1858 sic
441 1815 568 1858 etiam
584 1814 787 1870 Diogenes
803 1815 916 1858 nulla
936 1815 1170 1858 calamitate
1190 1828 1232 1858 se
1249 1815 1494 1858 commoveri
1510 1815 1624 1858 dicit.

225 1884 360 1927 Multo
392 1885 553 1928 brevius
582 1885 699 1928 nobis
745 1886 945 1941 agendum
986 1888 1049 1928 est
1079 1885 1129 1927 de
1168 1885 1314 1927 ceteris
1353 1885 1497 1928 Dionis
1535 1897 1624 1927 ora·

133 1955 339 2006 tionibus,
370 1968 472 2010 quae
503 1955 551 2006 de
584 1956 765 2010 Diogene
795 1957 968 2009 scriptae
999 1958 1105 1999 sunt.
1168 1968 1338 2010 quarum
1369 1957 1552 1998 octavam
1583 1957 1625 1998 et

134 2037 284 2068 nonam
315 2027 424 2068 totas
452 2026 537 2068 fere
567 2026 756 2068 omittere
787 2038 998 2080 possumus
1012 2058 1022 2077 ,
1063 2026 1241 2080 exceptis
1270 2025 1481 2080 perpaucis
1511 2024 1624 2075 locis,

134 2097 182 2137 ut
202 2096 315 2146 VIII,
349 2101 388 2146 3,
420 2109 500 2149 quo
530 2097 619 2138 loco
641 2097 717 2138 Dio
746 2097 933 2138 homines
963 2109 1087 2149 equos
1116 2096 1273 2138 nobiles
1302 2096 1497 2149 fortisque
1530 2095 1625 2136 dili-

135 2178 242 2220 gere,
274 2166 462 2220 quamvis
491 2165 660 2208 difficile
691 2166 747 2209 sit
777 2178 843 2209 eos
874 2166 1042 2209 educare
1073 2168 1115 2209 et
1145 2166 1317 2217 domare,
1348 2165 1462 2207 dicit.
1523 2177 1625 2220 quae

134 2235 340 2278 sententia
377 2235 547 2278 fortasse
586 2236 810 2290 comparari
850 2238 984 2291 potest
1013 2249 1107 2278 cum
1139 2236 1313 2290 Apomn.
1344 2235 1415 2287 1v,
1450 2242 1469 2277 1
1487 2267 1497 2286 ,
1530 2241 1555 2278 3
1575 2235 1622 2290 2).

134 2304 185 2348 ad
231 2305 415 2348 eiusdem
456 2305 651 2348 orationis
690 2306 714 2359 ἓ
747 2312 801 2349 14
842 2307 1018 2349 contulit
1054 2305 1222 2349 Geelius
1267 2307 1434 2348 fortasse
1478 2306 1625 2348 merito

135 2374 268 2418 Anab.
299 2375 350 2426 V,
381 2380 423 2426 4,
456 2381 526 2428 28,
572 2375 642 2418 ubi
675 2375 965 2432 Mossynoecos·
983 2376 1268 2431 delphinorum
1294 2375 1411 2430 adipe
1442 2375 1529 2418 oleo
1559 2374 1625 2418 uti

231 2503 268 2546 1)
288 2501 393 2539 Ἀλλὰ
416 2504 492 2553 μὴν
517 2501 600 2540 οὐδ’
631 2505 678 2539 ἂν
708 2504 897 2552 εὐετηριῶν
928 2506 1135 2552 γενομένων
1168 2505 1336 2552 ἀφθονία
1369 2511 1440 2540 τῶν
1471 2504 1625 2550 ἀγαθῶν

134 2565 316 2608 γίγνηται,
343 2563 431 2599 οὐδὲ
455 2564 537 2598 τότε
563 2566 758 2610 συγχαίρει
782 2565 803 2598 ὁ
827 2565 1011 2609 τύραννος.
1037 2564 1277 2610 ἐνδεεστέρως
1301 2565 1373 2609 γὰρ
1398 2562 1481 2599 οὖσι
1497 2575 1624 2598 ταπει-

135 2621 297 2668 νοτέροις
321 2621 447 2661 αὐτοῖς
472 2623 615 2656 οἴονται
633 2625 810 2668 χρῆσθαι.

230 2679 267 2721 2)
293 2678 345 2715 cf.
370 2679 480 2715 enim:
504 2680 744 2715 ἐπιδεικνύων
768 2687 840 2715 τῶν
864 2693 902 2715 τε
926 2682 1053 2715 ἵππων
1072 2682 1157 2720 τοὺς
1180 2682 1448 2727 εὐφυεστάτους
1472 2685 1624 2727 θυμοει-

137 2737 213 2778 δεῖς
236 2749 275 2773 τε
298 2740 361 2772 καὶ
387 2737 575 2786 σφοδροὺς
599 2740 707 2778 ὄντας
729 2740 802 2773 κτλ.
828 2739 865 2773 et
890 2749 977 2784 quae
1002 2738 1044 2773 de
1067 2738 1211 2774 canibus
1236 2738 1331 2773 dicta
1355 2739 1448 2774 sunt.
