1772 2936
854 46 912 83 40

137 169 392 228 φιλοσόφων
422 168 471 211 οὗ
491 169 667 227 φαῦλον,
699 170 750 212 τὸ
767 162 981 228 Ἰσμηνίου
1001 176 1127 212 τοῦτο
1146 167 1338 223 μάλιστα
1365 167 1633 224 ἀγανακτεῖν,

142 241 193 284 τὸ
232 239 469 284 καλεῖσθαι
512 238 700 298 αὐλητὰς
729 241 829 292 τοὺς
859 240 1120 296 τυμβαύλας,
1152 238 1210 283 οὐ·
1231 238 1454 290 παντελῶς
1483 238 1634 294 ὅμοιον

137 308 196 363 ὄν,
229 309 326 365 ἐμοὶ
357 310 489 353 δοκεῖ.
554 310 600 361 L,
625 316 673 353 5:
714 310 789 353 καὶ
820 316 947 354 τοῦτο
979 311 1031 368 δὴ
1063 311 1114 353 τὸ
1144 308 1278 368 ῥηθὲν
1307 309 1395 351 ὑπὸ
1424 317 1509 351 τῶν
1539 325 1630 352 πα-

138 380 276 423 λαιῶν
305 395 423 432 τινος
454 380 656 438 ρητόρων,
688 380 928 439 ὑπερβολήν
957 397 1056 424 τινα
1086 377 1194 434 &kent
1220 380 1369 423 δοκοῦν
1388 376 1626 432 κολακείας,

138 450 206 493 ὅτι
238 450 345 503 „rou
369 450 506 508 δῆμον
529 448 707 501 εἰκότως
737 451 788 493 ἂν
819 450 862 493 ἐν
891 453 984 501 τοῖς
1015 449 1268 507 ὀφθαλμοῖς
1288 446 1632 507 περιφεροίμην“

138 519 222 576 ἐγὼ
253 517 435 571 δικαίως
465 521 516 562 ἂν
545 518 717 574 εἴποιμι
748 520 860 577 πρὸς
891 520 1013 574 ὑμᾶς.
1075 521 1143 562 sed
1184 520 1350 562 difficile
1389 522 1453 562 est
1481 520 1531 562 ab
1562 519 1626 561 his

138 589 260 633 dictis
289 589 631 645 apophthegmata
663 592 706 633 et
734 590 945 644 proverbia
975 589 1245 645 distinguere,
1277 602 1368 633 cum
1402 590 1508 633 haud
1538 602 1628 633 raro

139 660 309 704 dubium
341 661 416 711 sit,
453 663 592 704 utrum
634 661 738 704 illud
778 658 862 719 ἔφη
901 677 969 712 τις
1008 662 1162 703 certum
1194 663 1400 703 auctorem
1430 661 1633 716 significet

137 743 277 773 necne.
338 730 387 772 de
416 731 641 786 proverbiis
672 731 762 774 vide
783 731 862 774 viri
883 731 992 773 docti
1022 730 1072 773 de
1089 730 1235 773 Arnim
1256 730 1434 773 indicem
1465 744 1502 786 p.
1526 737 1624 776 378.

583 793 792 817 )>τ)

138 869 357 928 τρέποιτο.
390 871 538 921 LXVI,
550 877 629 913 24:
653 870 727 913 καὶ
744 878 870 913 τοῦτο
892 871 943 928 δὴ
964 871 1014 913 τὸ
1034 877 1111 913 τοῦ
1130 870 1267 926 λόγου,
1284 871 1402 926 λαγὼ
1417 868 1513 925 βίον
1533 871 1630 923 ζῶν.

295 1069 372 1151 Ill.
421 1068 492 1151 ΒΕ
516 1067 686 1151 mom:
711 1067 1106 1151 XENUPHUNTIS
1124 1067 1473 1151 SEGTATflRE.

229 1221 308 1265 Sed
338 1222 548 1265 redeamus
577 1222 626 1265 ad
658 1222 980 1276 Xenophontem.
1042 1235 1089 1264 ac
1127 1222 1304 1276 primum
1344 1222 1508 1276 quidem
1548 1223 1632 1264 mi—

139 1291 310 1335 randum
357 1293 419 1334 est
464 1292 742 1346 Xenophontis
787 1304 932 1334 nomen
980 1293 1063 1333 tam
1110 1304 1199 1333 raro
1238 1304 1262 1334 a
1304 1292 1431 1334 Dione
1484 1292 1632 1334 afferri.

140 1361 218 1404 Dio
239 1361 350 1404 enim
380 1361 443 1404 bis
464 1362 775 1415 Xenophontem
807 1362 1004 1411 nominat,
1036 1362 1079 1402 in
1111 1361 1290 1403 oratione
1321 1362 1461 1403 octava
1482 1362 1528 1416 ¹),
1559 1361 1632 1403 ubi

139 1433 279 1474 narrat
309 1443 402 1473 eum
434 1443 459 1473 a
489 1431 647 1473 civibus
676 1432 840 1485 propter
875 1430 970 1486 Cyri
1000 1430 1227 1473 amicitiam
1258 1431 1390 1485 patria
1421 1431 1632 1486 expulsum

139 1514 247 1552 esse,
288 1504 330 1544 et
360 1514 416 1544 or.
447 1502 613 1552 XVIII,
654 1502 740 1543 loco
780 1502 862 1542 iam
895 1501 1070 1542 laudato.
1134 1514 1330 1555 nusquam
1368 1504 1503 1543 autem
1545 1502 1636 1543 eius

138 1572 246 1615 dicta
282 1571 399 1614 affert
433 1571 597 1614 disertis
628 1570 761 1614 verbis
791 1570 952 1613 adiecto
984 1570 1042 1622 ὡς
1072 1567 1156 1628 ἔφη
1188 1586 1256 1619 τις
1286 1571 1349 1613 vel
1369 1570 1510 1613 simili.
1562 1571 1632 1614 sed

139 1642 223 1683 iam
255 1641 377 1683 initio
407 1640 706 1683 dissertationis
736 1640 918 1682 vidimus
950 1653 1041 1681 eum
1070 1641 1380 1694 Xenophontem
1419 1641 1632 1697 permagni

140 1712 398 1763 aestimasse,
438 1724 532 1754 cum
569 1710 832 1754 attulerimus
872 1710 1049 1753 nobilem
1090 1710 1211 1753 illum
1258 1712 1391 1754 locum
1439 1712 1636 1754 orationis

139 1782 319 1825 decimae
368 1783 542 1824 octavae.
616 1781 683 1835 ibij
728 1780 841 1823 vides
897 1780 1208 1835 Xenophontem
1258 1792 1282 1823 a
1329 1780 1458 1823 Dione
1506 1780 1637 1824 tantis

138 1852 329 1895 laudibus
359 1853 515 1902 efferri,
547 1854 719 1906 quantas
749 1852 897 1893 nostris
929 1851 1179 1904 temporibus
1209 1852 1276 1893 vix
1306 1864 1549 1905 quemquam
1582 1853 1636 1894 de

139 1934 186 1965 eo
225 1922 429 1965 dicentem
460 1921 600 1968 audias
632 1920 810 1976 exceptis
842 1921 1007 1964 Batavis
1037 1920 1268 1976 philologis.
1328 1934 1423 1964 nam
1463 1922 1539 1965 etsi
1580 1934 1636 1965 ne

137 2005 210 2035 nos
240 1992 404 2047 quidem
438 1992 679 2047 negabimus
710 1992 842 2034 multa
872 2004 895 2033 a
916 1991 1183 2045 Xenophonte
1215 1991 1365 2045 scripta
1396 2004 1479 2034 esse
1509 1992 1632 2034 utilia

137 2061 188 2104 ad
219 2062 348 2104 vitam
379 2062 481 2103 bene
511 2060 748 2116 degendam,
779 2062 916 2102 tamen
940 2060 1038 2102 haec
1059 2060 1196 2102 omnia
1217 2060 1394 2103 hominis
1419 2061 1638 2114 prudentis

235 2235 271 2277 1)
294 2234 481 2269 Praeterea
504 2234 611 2269 etiam
637 2245 685 2269 or.
699 2233 820 2278 LXIV,
835 2235 891 2270 18.
942 2233 1002 2268 sed
1028 2234 1120 2280 quod
1144 2234 1317 2270 orationes
1341 2234 1459 2269 LXIII
1471 2237 1509 2270 et
1520 2234 1635 2270 LXIV

138 2293 274 2339 spurias
298 2305 374 2329 esse
392 2293 575 2339 Emperius
598 2293 766 2336 (obseer.
792 2293 837 2328 ad
860 2293 1005 2328 Dionem
1025 2292 1146 2337 Chrys.
1166 2305 1200 2339 p.
1221 2294 1281 2335 59)
1305 2294 1402 2336 dicit,
1426 2295 1529 2339 plane
1542 2294 1630 2328 mihi

137 2352 316 2397 persuasit
340 2352 392 2386 vir
416 2351 551 2387 doctus.
601 2351 790 2386 abhorrent
813 2352 904 2386 enim
930 2362 951 2386 a
975 2351 1097 2386 Dionis
1122 2351 1257 2386 dicendi
1288 2363 1422 2396 genere.
1472 2363 1633 2398 compara

138 2421 196 2446 eas
221 2421 300 2445 cum
324 2410 369 2445 iis
394 2410 633 2451 orationibus.
668 2421 756 2456 quae
789 2409 831 2445 de
855 2409 967 2454 gloria
999 2411 1101 2454 sunt,
1135 2412 1172 2445 et
1203 2410 1335 2445 videbis
1368 2422 1472 2456 quam
1504 2411 1631 2446 diversi

137 2469 274 2512 generis
310 2469 393 2502 sint.
443 2479 531 2513 quae
567 2468 625 2502 hic
660 2468 703 2502 de
739 2468 880 2502 fortuna
916 2468 1099 2511 dicuntur,
1138 2470 1239 2503 tanta
1274 2468 1363 2503 mole
1399 2468 1629 2514 exemplorum

138 2526 347 2570 obruuntur,
372 2528 542 2572 quantam
566 2526 603 2562 in
627 2526 725 2562 nulla
749 2526 819 2561 alia
837 2526 992 2562 oratione
1011 2526 1163 2562 invenies
1180 2526 1314 2571 Dionis,
1340 2538 1440 2573 quem
1465 2526 1634 2572 exemplis

137 2585 288 2629 gaudere
312 2585 381 2620 iam
407 2585 496 2620 satis
521 2586 753 2630 cognovimus.
802 2585 868 2620 hoc
899 2596 1009 2629 genus
1042 2588 1159 2620 autem
1193 2586 1343 2620 alienum
1377 2588 1433 2620 est
1463 2596 1484 2619 a
1507 2584 1633 2619 Dionis

138 2643 308 2690 ἀφελείας
338 2643 383 2678 ad
400 2642 607 2678 Favorinum
626 2654 695 2678 non
713 2643 800 2678 bene
818 2643 925 2678 refert
936 2643 1065 2679 Hirzel.
1115 2645 1200 2679 sunt
1223 2644 1372 2679 hominis
1392 2642 1504 2689 qualis
1522 2641 1631 2677 Maxi-

137 2712 216 2737 mus
228 2700 353 2747 Tyrius
372 2703 438 2737 est.
487 2702 594 2737 etiam
613 2713 662 2738 or.
681 2701 826 2737 LXXIV
847 2702 958 2737 denuo
982 2702 1113 2747 legenti
1137 2703 1222 2738 mihi
1248 2705 1410 2749 suspecta
1434 2700 1632 2737 videbatur.
