1772 2936
866 36 921 74 42

237 172 282 201 or
318 160 386 209 VI,
410 165 459 202 6:
491 152 552 201 δι’
586 156 754 217 ἐρήμων
784 164 1000 215 σταθμῶν
1030 160 1323 218 πορευόμενον,
1356 161 1406 204 cf.
1440 162 1568 204 Anab.
1600 161 1636 212 I,

140 236 189 281 Σ),
223 234 270 272 5:
302 227 497 272 ἐντεῦθεν
527 228 737 282 ἐξελαύνει
768 232 994 285 σταθμοὺς
1025 231 1213 289 ἐρήμους.

237 311 294 341 or.
328 299 424 349 XII,
458 305 533 343 18:
567 302 710 343 πυκνὰ
739 301 1148 359 μεταστρεφόμενος,
1181 301 1232 344 cf.
1265 301 1393 346 Anab.
1419 302 1488 350 VI,
1525 310 1562 353 1,
1594 308 1633 345 8.

237 382 293 412 or.
325 369 440 420 XXI,
476 377 551 414 133
598 371 648 414 τὸ
688 371 863 424 κάλλος,
911 372 972 414 ἂν
1000 373 1109 425 μετὰ
1149 369 1296 423 αἰδοῦς
1324 362 1368 430 ᾔ,
1415 372 1465 414 cf.
1497 372 1633 427 Symp.

143 440 180 490 I,
214 446 265 482 8:
306 440 356 482 τὸ
385 439 543 491 κάλλος
575 473 584 483 .
608 474 617 482 .
641 473 650 482 .
683 440 732 498 ἢν
768 434 863 494 μετ’
900 439 1046 492 αἰδοῦς
1078 475 1088 484 .
1113 475 1121 484 .
1146 475 1155 484 .
1188 441 1390 500 κεκτῆταί
1420 458 1488 493 τις
1518 441 1634 485 αὐτό.

147 510 260 552 Haec
299 510 436 552 omnia
476 509 623 552 docent
668 510 990 552 familiarissima
1029 511 1152 553 Dioni
1192 513 1471 566 Xenophontis
1515 511 1637 554 verba

143 580 285 632 fuisse,
317 580 376 622 ita
407 581 454 622 ut
485 580 639 623 inscius
670 593 717 623 ea
746 581 958 634 repeteret,
990 581 1096 623 sicut
1127 581 1253 624 etiam
1283 596 1355 625 nos
1386 583 1428 624 in
1455 595 1635 625 sermone

144 651 268 692 inscii
300 662 416 704 saepe
447 649 582 691 verbis
613 650 821 703 scriptoris
852 650 1030 692 multum
1061 650 1160 692 lecti
1192 653 1234 692 et
1264 651 1405 694 dilecti
1436 652 1603 694 utimur.

237 720 327 773 Age
366 720 496 774 igitur
533 733 641 762 nunc
672 720 848 762 breviter
879 720 1217 777 complectamur,
1261 734 1361 775 quae
1395 723 1470 764 Dio
1500 722 1636 764 Xeno-

149 790 294 846 phonti
325 789 483 840 debeat,
515 792 563 833 ut
593 790 892 844 intellegamus,
926 791 1042 833 cuius
1063 792 1237 834 maxime
1258 792 1418 845 generis
1438 792 1534 835 sint.
1587 806 1633 835 ac

139 861 279 917 primo
320 861 466 904 obtutu
507 861 589 903 iam
628 862 794 916 apparet
826 861 997 904 Dionem
1035 860 1214 916 plurima
1244 874 1404 913 eorum,
1445 874 1546 916 quae
1588 862 1635 906 (16

147 945 272 987 regno
317 933 440 982 dicit,
487 932 748 985 Xenophonti
789 932 953 982 debere,
1000 933 1137 984 paucis
1178 933 1380 974 immixtis
1421 933 1515 974 aliis
1545 946 1636 974 sen-

139 1002 292 1046 tentiis
332 1003 404 1045 aut
443 1015 467 1045 a
511 1002 679 1045 Platone
719 1001 784 1044 vel
825 1002 918 1045 aliis
959 1002 1040 1044 iam
1081 1001 1250 1056 prolatis
1288 1005 1359 1046 aut
1398 1003 1492 1045 suis.
1557 1003 1636 1045 huc

148 1072 356 1126 pertinent
401 1074 602 1114 orationes
641 1073 675 1113 Ι.
716 1073 790 1115 ΙΙΙ.
827 1072 896 1113 VI.
934 1072 1070 1121 LXII,
1117 1073 1264 1126 quibus
1312 1073 1409 1122 Dio,
1450 1086 1549 1127 quae
1588 1072 1636 1114 de

143 1143 252 1186 bono
294 1145 335 1185 et
385 1142 494 1185 malo
545 1155 639 1197 rege
694 1142 864 1192 sentiat,
920 1142 1168 1185 demonstrat
1189 1144 1232 1197 ¹).
1296 1145 1337 1185 et
1382 1143 1463 1185 iam
1518 1155 1637 1197 supra

140 1212 199 1255 ad
235 1213 411 1266 primam
460 1212 683 1254 orationem
733 1212 1137 1254 commemoravimus
1182 1212 1463 1266 Xenophontis
1514 1213 1637 1255 bonos

146 1296 264 1337 reges
289 1284 503 1336 ‘quattuor
548 1295 655 1332 esse,
708 1283 924 1336 utrumque
972 1282 1142 1336 Cyrum.
1192 1283 1452 1336 Agesilaum,
1500 1295 1634 1336 regem

142 1353 421 1403 Socraticum,
474 1352 629 1394 malum
680 1352 923 1403 Hieronem,
985 1364 1157 1407 quocum
1208 1365 1257 1395 ex
1306 1354 1418 1408 parte
1469 1365 1635 1396 consen-

148 1425 280 1473 tiunt,
330 1437 433 1476 quae
479 1425 528 1464 de
572 1424 716 1465 Croeso
763 1426 804 1463 et
850 1424 898 1463 de
939 1425 1154 1464 Persarum
1193 1436 1287 1477 rege
1327 1424 1386 1477 (in
1429 1424 1635 1477 Agesilao)

140 1494 260 1538 dicit.
324 1493 548 1548 comparari
595 1492 719 1536 etiam
765 1492 809 1536 in
851 1506 896 1536 eo
939 1493 1014 1536 Dio
1054 1507 1146 1536 cum
1187 1494 1453 1548 Xenophonte
1491 1495 1635 1548 potest,

139 1567 252 1620 -quod
283 1568 326 1606 et
356 1566 400 1606 in
432 1565 565 1618 prima
596 1566 637 1606 et
667 1564 709 1605 in
740 1564 864 1606 tertia
894 1564 1073 1606 oratione
1104 1576 1129 1606 a
1159 1564 1253 1607 boni
1284 1563 1391 1620 regis
1421 1576 1514 1619 erga
1545 1563 1637 1606 deos

149 1636 302 1690 pietate
342 1635 511 1689 incipit,
552 1635 669 1677 cuius
706 1636 765 1676 rei
806 1635 989 1688 exempla
1019 1635 1310 1688 Xenophontea
1339 1635 1475 1678 attuli.
1537 1635 1637 1688 quid

142 1705 198 1748 ’(16
230 1705 375 1748 ceteris
408 1705 551 1747 Dionis
582 1704 631 1747 de
652 1717 775 1759 regno
796 1704 1046 1747 orationibus
1067 1704 1309 1747 censendum
1333 1705 1400 1756 sit,
1431 1704 1637 1760 imprimis

139 1777 197 1819 -de
217 1777 356 1827 altera,
387 1778 525 1830 postea
548 1776 760 1829 proferam.
824 1779 958 1818 cetera
980 1776 1081 1818 varii
1103 1777 1262 1830 generis
1294 1778 1400 1819 sunt.
1445 1778 1567 1830 atque
1589 1778 1635 1818 ut

140 1849 303 1890 taceam
345 1846 393 1889 de
434 1848 553 1889 rebus
593 1845 799 1888 historicis
844 1845 1150 1900 similibusque,
1196 1859 1294 1901 quas
1336 1846 1411 1889 Dio
1445 1859 1466 1889 6
1499 1847 1634 1889 Χ6110-

143 1917 313 1972 phontis
358 1917 528 1971 scriptis,
573 1917 729 1967 hausit,
780 1916 1005 1958 sententiae
1051 1916 1257 1970 imprimis
1304 1918 1474 1960 morales
1525 1919 1633 1960 sunt.

147 1988 257 2030 haud
278 2000 405 2041 pauca
420 2000 560 2030 eorum
582 1988 900 2041 praeceptorum,
922 1999 1025 2040 quae
1044 1987 1120 2029 Dio
1140 1987 1190 2029 ad
1212 1987 1337 2029 vitam
1362 1988 1462 2030 bene
1484 1988 1635 2041 degen-

141 2059 243 2101 -dam
263 2058 344 2110 dat,
367 2059 660 2113 Xenophontea
676 2059 783 2108 sunt,
800 2059 847 2100 ut
864 2058 913 2100 de
930 2057 1094 2100 deorum
1117 2058 1373 2101 veneratione
1389 2060 1462 2112 (or.
1481 2058 1635 2108 XXXI,

151 2131 224 2183 15)
244 2130 300 2183 ²),
342 2130 390 2170 (16
423 2129 486 2170 sui
519 2129 645 2182 ipsius
675 2128 907 2182 cognitione
938 2129 1010 2181 (or.
1041 2128 1102 2178 X;
1144 2141 1198 2170 or.
1232 2129 1436 2178 XXXIX,
1468 2128 1555 2183 42),
1588 2128 1635 2170 de

147 2199 361 2242 concordia
391 2199 632 2254 (XXXIX),
679 2200 728 2240 de
774 2199 959 2241 amicitia
989 2199 1039 2252 (Ι,
1073 2204 1150 2248 30;
1191 2199 1275 2249 ΠΙ,
1311 2205 1394 2242 104
1416 2202 1540 2253 sqq.),
1587 2198 1635 2240 de

140 2270 336 2324 coniugio
357 2270 449 2324 (III,
469 2276 546 2319 7ος
571 2270 685 2324 122),
708 2269 755 2311 de
777 2269 1080 2324 pulchritudine
1101 2269 1231 2323 (XXI.
1250 2269 1443 2312 xxvm.
1461 2269 1636 2323 XXIX).

141 2341 190 2382 et
228 2341 296 2382 hic
335 2340 427 2382 vide
465 2340 564 2394 quid
597 2340 720 2382 Dioni
759 2340 962 2382 acciderit.
1028 2341 1070 2382 in
1111 2340 1290 2382 oratione
1320 2339 1505 2382 XXVIII
1535 2339 1637 2382 dicit

243 2529 279 2570 1)
304 2528 356 2563 Ι)6
381 2539 487 2573 regno
512 2530 549 2563 et
573 2539 695 2573 regum
719 2527 910 2563 virtutibus
929 2527 1023 2574 loqui
1042 2527 1146 2563 Dioni
1166 2527 1264 2563 valde
1282 2509 1406 2574 placet,
1432 2528 1472 2563 cf.
1499 2528 1636 2573 praeter

144 2587 320 2622 orationes
344 2587 446 2622 modo
470 2587 634 2621 laudatas
658 2598 707 2622 or.
732 2586 826 2630 LIH,
854 2588 916 2630 11;
942 2586 1030 2630 LVI,
1057 2587 1112 2622 16.
1162 2587 1268 2622 etiam
1299 2587 1335 2622 in
1369 2587 1435 2621 hac
1465 2597 1502 2620 16
1526 2585 1638 2620 Χ6110-

144 2645 290 2691 phontis
315 2648 523 2681 sectatorem
550 2657 586 2680 se
612 2646 765 2691 praebet,
791 2648 832 2680 ut
857 2656 961 2691 supra
987 2645 1145 2680 vidimus.

243 2705 280 2747 2)
304 2704 472 2751 Compara
496 2705 603 2740 eiiam
628 2705 670 2739 (16
695 2716 777 2740 cura
802 2705 942 2740 deorum
968 2704 1034 2749 ΙΙΙ,
1060 2704 1218 2747 77-81;
1243 2704 1322 2747 XII,
1349 2704 1405 2739 32.
