1772 2936
865 54 917 92 72

149 177 199 219 de
239 178 383 219 Arnim
432 177 659 229 intellexit,
706 191 807 234 quae
853 181 915 221 est
961 191 1017 221 or.
1050 179 1082 229 Ι,
1116 184 1168 222 37
1185 191 1291 234 sqq.;
1335 178 1431 230 XII,
1465 184 1518 222 75
1541 191 1638 234 sqq.‚

149 261 280 302 neque
320 262 413 291 cum
454 249 789 292 antecedentibus
828 263 957 304 neque
998 262 1089 292 cum
1121 249 1382 304 sequentibus
1412 250 1638 300 cohaerent,

149 319 211 360 ita
232 320 279 361 ut
299 319 486 373 cognosci
508 319 634 373 possit
654 319 867 362 librarium
891 332 969 361 non
1000 319 1130 362 solum
1162 320 1291 373 ipsam
1323 319 1437 362 illam
1469 321 1639 373 partem,

150 389 219 431 sed
251 390 376 431 etiam
407 402 521 450 quaeq
540 403 628 431 eam
661 390 977 439 circumdabant,
1009 390 1204 433 omisisse.

239 459 433 513 Sequitur
464 461 552 502 laus
583 461 679 503 boni
710 461 838 515 regis,
871 473 993 514 quam
1025 461 1197 514 scriptor
1229 462 1252 515 ἓ
1285 466 1339 504 25
1373 460 1638 502 indicaverat:

152 530 396 587 ποιήσομαι
435 531 533 582 τοὺς
572 530 720 586 λόγους
751 529 861 587 ὑπὲρ
892 537 968 573 τοῦ
994 538 1178 588 χρηστοῦ
1212 529 1444 585 βασιλέως,
1486 530 1640 573 ὁποῖον

149 595 260 642 εἶναι
292 601 357 642 δεῖ
387 600 461 643 καὶ
483 600 551 651 τίς
571 602 596 657 ἡ
616 602 807 658 διαφορὰ
837 607 913 642 τοῦ
944 600 1321 656 προσποιουμένου
1341 601 1419 655 μὲν
1439 601 1639 658 ἄρχοντος

150 664 281 723 εἶναι,
323 671 528 714 πλεῖστον
571 670 619 714 δὲ
649 670 882 724 ἀπέχοντος
922 670 1050 728 ἀρχῆς
1088 670 1163 713 καὶ
1201 670 1438 725 βασιλείας.
1501 673 1543 714 et
1581 672 1640 714 ita

152 741 320 794 quidem
359 742 458 783 haec
498 741 585 783 laus
627 742 818 783 instituta
849 743 922 792 est,
954 744 1002 784 ut
1031 742 1210 795 primum
1243 742 1290 783 de
1322 741 1486 784 deorum
1521 755 1638 784 vene-

151 811 328 861 ratione,
367 814 457 853 tum
489 811 537 853 de
568 824 664 853 cura
693 812 905 854 hominum
938 813 1103 865 agatur,
1144 811 1384 865 quibuscum
1416 812 1639 865 comparari

151 882 284 934 potest
321 894 376 923 or.
413 882 441 932 1,
478 888 659 925 15—17
684 884 728 937 ¹).
789 882 881 923 inde
912 895 935 923 a
967 883 991 936 ἓ
1024 888 1078 925 55
1111 894 1374 935 unaquaeque
1420 883 1503 924 fere
1548 894 1639 924 sen-

150 952 282 994 tentia
311 954 496 994 accurate
529 952 644 994 nobis
685 952 948 994 examinanda
978 954 1059 1002 est,
1103 954 1149 994 ut
1179 952 1403 1007 genuinum
1446 952 1640 995 orationis

150 1035 346 1064 conexum
377 1035 675 1077 cognoscamus.
737 1023 876 1065 statim
910 1024 1090 1064 extrema
1121 1024 1145 1076 ξ
1178 1029 1232 1066 55
1278 1024 1378 1065 duae
1415 1023 1639 1065 sententiae

151 1093 434 1134 coniunctione
466 1094 540 1135 ἅτε
571 1093 761 1135 inductae
792 1096 906 1142 sunt,
938 1093 1087 1145 quibus
1117 1093 1212 1134 boni
1244 1093 1351 1146 regis
1383 1106 1477 1134 cura
1508 1093 1637 1134 homi—

150 1175 248 1204 num
282 1162 556 1205 confirmetur.
618 1163 726 1216 prior
766 1163 917 1215 optime
959 1162 1132 1204 refertur
1163 1162 1211 1204 ad
1244 1164 1268 1215 ξ
1302 1168 1369 1211 51,
1417 1162 1640 1215 explicatur

150 1234 289 1273 autem
319 1234 459 1285 postea
490 1234 514 1285 ξ
547 1238 733 1281 62—83,
766 1233 961 1285 posterior
992 1235 1034 1273 et
1063 1245 1133 1284 per
1163 1245 1204 1273 se
1237 1232 1371 1273 minus
1402 1234 1496 1284 apta
1525 1244 1639 1284 prae-

151 1303 262 1343 terea
301 1301 446 1343 multis
486 1301 618 1343 verbis
658 1314 704 1342 ea
746 1301 914 1354 repetit,
955 1313 1056 1354 quae
1096 1301 1178 1342 iam
1218 1303 1338 1343 antea
1377 1301 1485 1342 dicta
1525 1302 1639 1343 erant

150 1383 289 1424 regem
319 1384 391 1424 pro
422 1371 581 1413 civibus
611 1372 768 1413 labores
788 1371 1000 1424 suscipere.
1061 1371 1362 1413 confunduntur
1383 1371 1511 1425 igitur
1538 1370 1638 1413 duae

149 1441 338 1491 rationes,
369 1443 458 1484 aut:
492 1441 588 1483 deus
619 1442 678 1483 ita
709 1441 906 1483 mundum
939 1441 1162 1492 constituit,
1195 1444 1242 1484 ut
1272 1454 1428 1495 semper
1459 1442 1508 1484 τὸ
1537 1439 1638 1495 βέλ-

149 1527 242 1554 τιον
271 1521 332 1569 τῷ
363 1513 507 1569 ἥττονι
538 1512 748 1566 provideat
789 1514 830 1554 et
870 1513 1042 1565 imperet
1081 1513 1123 1566 (ξ
1157 1517 1210 1555 55
1229 1524 1288 1565 sq.
1320 1514 1360 1554 et
1391 1513 1414 1565 ξ
1449 1514 1638 1566 62-82)

149 1584 241 1623 aut:
285 1594 425 1624 omnes
463 1582 649 1624 homines
688 1582 825 1635 aliquo
865 1582 983 1623 modo
1023 1582 1107 1623 suis
1147 1582 1350 1623 laboribus
1387 1582 1638 1623 delectantur

149 1652 192 1706 (ξ
225 1654 417 1707 56-57)
437 1653 484 1707 ²).
546 1655 716 1706 utraque
756 1652 860 1694 ratio
897 1652 1093 1706 exemplis
1124 1653 1426 1705 comprobatur,
1467 1665 1637 1705 quorum

149 1722 247 1772 duo,
288 1735 390 1776 quae
427 1724 523 1765 sunt
563 1722 611 1764 de
652 1722 765 1765 navis
803 1723 1070 1777 gubernatore
1109 1724 1151 1764 et
1183 1721 1230 1764 de
1261 1721 1344 1764 sole
1375 1723 1487 1775 (nam
1517 1721 1638 1764 verba

149 1791 231 1849 6ρᾷ
263 1795 342 1848 γὰρ
373 1792 450 1835 καὶ
480 1793 554 1835 τὸν
584 1793 703 1849 ἥλιον
734 1825 743 1834 .
763 1825 772 1834 .
791 1825 800 1834 .
833 1793 1017 1849 πράττει
1049 1793 1098 1834 ab
1140 1792 1363 1834 editoribus
1399 1793 1532 1833 deleta
1567 1805 1637 1844 op-

149 1862 250 1904 time
290 1862 483 1917 coniungi
522 1865 691 1916 possunt
730 1875 822 1904 cum
855 1863 879 1916 §
913 1864 1007 1916 57),
1047 1862 1243 1905 ambabus
1272 1861 1497 1904 rationibus
1527 1873 1637 1904 com-

150 1934 291 1975 munia
321 1936 429 1975 sunt.
492 1946 619 1986 neque
641 1933 810 1974 dubium
833 1933 936 1973 mihi
958 1936 1030 1982 est,
1063 1934 1159 1986 quin
1187 1933 1296 1985 prior
1325 1933 1430 1973 ratio
1460 1932 1638 1985 genuina

149 2002 216 2053 sit,
248 2003 440 2056 quoniam
473 2002 594 2045 deum
625 2002 753 2045 bonus
792 2014 860 2043 rex
900 2002 1104 2055 sequitur,
1145 2014 1239 2056 ergo
1280 2001 1366 2044 ὑπὸ
1407 2007 1482 2044 τοῦ
1519 1998 1638 2057 μεγί-

148 2087 251 2115 στου
293 2077 400 2114 θεοῦ
438 2071 619 2124 ταχθεὶς
650 2072 805 2113 labores
836 2072 1017 2125 suscipit.
1080 2073 1228 2124 quibus
1258 2072 1455 2113 concessis
1484 2073 1638 2112 restant

150 2143 174 2195 ξ
208 2148 396 2192 58-61,
437 2154 538 2196 quae
569 2142 620 2183 ab
652 2142 840 2195 Emperio
871 2143 961 2195 post
993 2143 1017 2195 ξ
1050 2146 1104 2184 85
1138 2140 1355 2183 translatae
1386 2143 1500 2189 sunt,
1532 2140 1637 2182 unde

148 2214 257 2254 recte
289 2225 355 2254 eas
385 2212 566 2266 reppulit
598 2211 646 2253 de
679 2212 968 2253 Wilamowitz.
1032 2212 1136 2253 mihi
1167 2210 1332 2265 quidem
1364 2212 1463 2253 haec
1492 2223 1584 2264 pars
1613 2223 1638 2252 a

245 2364 280 2404 1)
304 2362 348 2397 In
373 2362 440 2397 fine
464 2363 595 2408 primae
620 2362 731 2407 partis
755 2362 790 2406 (ξ
815 2362 874 2403 55)
901 2363 1028 2397 desunt
1052 2362 1233 2405 nonnulla,
1259 2373 1336 2396 cum
1361 2373 1429 2396 non
1454 2362 1637 2396 verisimile

150 2420 198 2454 sit
221 2420 366 2455 Dionem
379 2448 387 2463 ,
413 2420 540 2466 quippe
565 2420 625 2465 qui
650 2420 835 2455 sententiis
858 2421 955 2465 large
979 2420 1153 2454 exornatis
1178 2420 1329 2464 gaudere
1355 2420 1482 2463 soleat,
1516 2419 1637 2454 lectori

149 2479 354 2524 explendum
374 2479 566 2525 reliquisse,
592 2490 661 2524 qua
681 2479 723 2513 de
742 2490 846 2513 causa
870 2490 929 2514 rex
952 2480 1070 2524 genios
1095 2481 1132 2514 et
1155 2479 1275 2514 heroes
1300 2479 1401 2514 colat.
1451 2490 1538 2524 quae
1564 2489 1637 2513 sus·

149 2537 237 2582 picio
262 2537 406 2572 fulcitur
431 2538 590 2583 sequenti
614 2539 706 2581 (τήν)
732 2551 779 2581 τε,
807 2537 898 2582 quod
922 2537 958 2571 in
985 2537 1031 2572 δέ
1051 2541 1187 2572 mutare
1211 2537 1328 2572 nolim.

244 2596 281 2639 2)
306 2594 405 2638 Quod
431 2596 473 2632 de
491 2596 615 2632 Arnim
633 2597 653 2641 ξ
668 2597 732 2632 56:
760 2598 824 2637 τὰς
842 2597 1047 2643 εὐεργεσίας
1063 2607 1125 2642 pro
1144 2596 1275 2631 tradito
1294 2598 1468 2643 ἐργασίας
1486 2593 1636 2639 scripsit,

149 2654 329 2697 dissentio,
355 2666 434 2689 nam
459 2666 528 2690 non
553 2655 595 2690 de
619 2654 802 2698 beneficiis,
829 2655 933 2689 immo
958 2655 1000 2689 de
1033 2655 1209 2689 laboribus
1243 2665 1354 2689 sermo
1378 2654 1430 2688 fit.
1480 2652 1638 2697 equidem

146 2713 277 2748 conjeci
303 2715 483 2755 <ταύτας>
510 2715 575 2754 τὰς
599 2715 782 2761 ἐργασίας.
