1772 2936
853 72 908 108 49

228 200 330 241 Tota
369 196 495 240 oratio
535 194 764 248 exemplum
804 193 892 235 eius
921 193 1164 247 scriptorum
1199 192 1360 247 generis
1390 194 1472 244 est,
1512 193 1619 246 quod

140 272 223 313 iam
256 283 280 311 a
310 265 513 321 sophistis,
545 264 688 306 deinde
719 263 896 306 maxime
925 263 975 305 ab
1007 263 1265 313 Antisthene,
1297 265 1388 306 tum
1417 275 1442 306 a
1471 262 1620 305 Stoicis

140 339 350 395 praecipue
380 334 647 378 excolebatur.
707 333 776 376 sed
806 345 936 387 neque
966 332 1071 387 apud
1102 332 1313 376 Platonem
1345 346 1475 388 neque
1513 331 1619 387 apud

140 407 447 460 Xenophontem
479 404 566 445 eius
586 404 806 456 sapientiae
822 403 991 456 vestigia
1007 403 1165 445 desunt.
1207 406 1250 444 et
1268 404 1441 445 stoicum
1462 403 1618 445 fontem

141 478 261 521 huius
306 473 497 518 orationis
537 474 585 516 R.
625 472 774 516 Weber
818 472 883 527 (de
920 471 1194 515 Dioscuridis
1233 471 1335 530 περὶ
1372 481 1458 516 τῶν
1502 464 1615 529 παρ’

137 542 313 604 Ὁμήρῳ
345 543 483 598 νόμων
511 542 651 592 libello,
683 542 904 596 Leipziyer
932 543 1101 584 Studien
1119 542 1194 584 vol.
1219 543 1300 593 XI,
1323 556 1372 596 p.
1403 544 1619 597 87—196)

142 617 341 671 sagaciter
370 614 547 664 invenit,
588 613 839 656 Dioscuridis
875 613 1028 656 librum
1065 613 1133 667 (cf.
1171 626 1209 667 p.
1246 615 1505 669 157—168).
1568 613 1618 655 ad

140 687 261 729 illum
290 686 400 727 certa
430 683 586 725 ratione
607 683 770 726 rettulit
789 683 1124 738 Dionis§30sq.,
1157 688 1210 726 37
1221 695 1293 738 sq„
1325 688 1395 734 41,
1428 688 1617 731 44--48,

143 762 212 804 50,
246 761 382 808 52sq.‚
416 761 535 807 60sq.
568 755 636 796 sed
667 755 752 807 ipse
782 755 904 807 legas,
934 754 1038 807 quod
1070 754 1180 795 dicit.
1244 754 1311 794 hic
1343 756 1540 803 tenemus,
1570 756 1619 794 ut

143 825 226 868 veri
248 823 508 867 simillimum
540 825 613 873 est,
646 823 778 876 ipsum
804 822 947 864 Dionis
975 822 1140 865 fontem.
1203 832 1408 876 praeterea
1428 836 1521 865 cum
1542 823 1618 865 hac

141 895 319 937 oratione
350 893 576 946 comparavi
600 893 828 934 Philodemi
848 891 1088 934 Gadarensis
1108 892 1257 934 librum
1282 892 1384 947 περὶ
1403 899 1481 935 τοῦ
1499 884 1614 934 καθ’

132 955 323 1021 τΌμηρον
372 961 544 1018 ἀγαθοῦ
591 960 805 1017 βασιλέως
858 962 970 1016 (voll.
1028 963 1193 1005 Hercul.
1243 962 1361 1015 VIII,
1419 962 1495 1007 ool.
1547 967 1617 1013 24,

141 1035 282 1088 fragm.
324 1034 394 1086 11)
415 1034 460 1084 ¹).
523 1032 739 1074 dolendum
776 1034 849 1082 est,
880 1032 984 1086 quod
1014 1034 1099 1074 tam
1129 1045 1255 1086 pauca
1284 1026 1458 1075 frustula
1489 1045 1617 1086 neque

141 1116 187 1146 ea
217 1102 409 1145 continua
439 1102 561 1143 huius
590 1101 687 1143 libri
718 1103 875 1144 servata
903 1103 1018 1152 sunt,
1055 1114 1150 1144 nam
1189 1114 1237 1144 ex
1273 1101 1326 1144 iis
1363 1103 1521 1145 certum
1551 1101 1616 1144 iu-

141 1173 293 1214 dicium
325 1172 421 1213 ferri
452 1183 531 1212 non
572 1173 723 1224 potest,
765 1173 902 1213 utrum
947 1171 1074 1213 artius
1113 1172 1323 1213 cohaereat
1362 1183 1456 1213 cum
1488 1171 1618 1213 Dione

141 1254 278 1283 necne.
341 1243 477 1282 tamen
509 1253 566 1289 ea,
599 1253 699 1294 quae
729 1240 881 1282 similia
911 1241 1070 1290 inveni,
1102 1241 1279 1282 breviter
1308 1241 1484 1282 afferam.
1535 1240 1616 1282 for-

140 1312 245 1353 tasse
275 1309 489 1363 aliquando
528 1310 754 1352 accuratius
793 1310 836 1351 in
875 1310 982 1351 hunc
1028 1309 1179 1353 librum
1219 1309 1421 1364 inquirere
1460 1309 1616 1352 licebit.

141 1380 283 1432 scripti
312 1380 484 1421 titulum
523 1379 606 1421 iam
638 1379 859 1421 Buecheler
898 1380 1145 1433 comparavit
1182 1391 1275 1420 cum
1306 1379 1450 1422 Dionis
1479 1380 1512 1430 I,
1550 1384 1615 1421 15.

141 1449 249 1492 idem
280 1449 393 1492 addit
424 1449 709 1491 Philodemum
742 1451 783 1491 et
814 1449 985 1491 Dionem
1020 1449 1294 1503 compluribus
1321 1449 1421 1492 locis
1451 1461 1617 1492 consen-

141 1519 235 1568 tire,
268 1519 316 1560 de
337 1519 566 1560 Philodemi
598 1519 694 1560 libri
725 1518 1016 1560 sententiarum
1048 1531 1199 1560 conexu
1229 1520 1366 1560 autem
1397 1519 1504 1559 nihil
1534 1518 1617 1559 dici

142 1590 285 1641 potest.
347 1588 420 1630 col.
453 1589 492 1630 ΙΙ
533 1588 683 1630 dicitur
719 1587 767 1630 de
806 1587 1089 1630 saltationibus
1128 1590 1169 1630 et
1205 1588 1337 1630 verbis
1375 1587 1615 1642 impudicis:

141 1656 184 1698 ἐν
215 1655 430 1713 ὀρχήσεσιν
458 1661 596 1709 μῦθοι
628 1664 702 1713 τῆς
732 1655 967 1706 ἀκολασίας
998 1689 1007 1698 .
1026 1689 1036 1698 .
1053 1689 1063 1698 .
1095 1655 1411 1712 αἰσχρολογίας,
1453 1657 1503 1699 cf.
1536 1657 1617 1699 Dio

140 1726 194 1776 II,
227 1732 304 1769 56:
336 1725 378 1768 ἐν
398 1724 616 1783 ὀρχήσεσιν
636 1725 902 1777 ἀκολάστοις,
937 1731 1012 1769 55:
1044 1725 1178 1781 λόγων
1208 1726 1514 1783 διεφθορότων.
1566 1726 1616 1768 de

140 1795 356 1837 immodico
386 1796 469 1838 risu
500 1796 583 1837 iam
619 1796 776 1837 dictum
806 1798 878 1838 est.
941 1795 1172 1838 Philodemi
1202 1796 1277 1839 col.
1308 1796 1379 1847 IV,
1412 1802 1459 1838 4:
1492 1796 1615 1850 μελε-

140 1863 248 1906 τῶσί
286 1881 330 1906 τι
359 1873 443 1906 τῶν
474 1866 584 1919 πρὸς
615 1858 803 1922 ἄθλησιν
832 1865 858 1923 ἢ
886 1866 960 1923 τὴν
991 1863 1190 1908 ἐνόπλιον
1219 1863 1403 1920 ἀγωνίαν
1433 1865 1485 1908 cf.
1517 1878 1613 1908 cum

140 1934 285 1976 Dionis
323 1934 385 1984 ΙΙ,
428 1941 503 1978 60:
557 1934 735 1993 μελέτην
778 1943 864 1977 τῶν
904 1935 1172 1989 πολεμικῶν·
1222 1932 1390 1991 ὄρχησίν
1437 1950 1483 1990 γε
1527 1936 1612 1992 μὴν

140 2004 214 2061 τὴν
255 2002 464 2046 ἐνόπλιον.
526 2018 627 2059 quae
669 2005 930 2048 Philodemus
972 2005 1020 2047 de
1052 2004 1215 2059 Argivis
1246 2005 1344 2055 VII,
1378 2010 1433 2048 24
1480 2006 1522 2048 et
1567 2004 1617 2047 de

139 2074 342 2128 Trojanis,
376 2074 484 2116 idem
516 2075 657 2117 dicunt
688 2075 825 2117 eodem
857 2075 1038 2128 exemplo
1068 2075 1131 2117 usi
1163 2075 1240 2116 Dio
1270 2077 1312 2116 et
1342 2074 1614 2117 Dioscurides.

140 2143 188 2185 de
235 2144 461 2186 Phaeacum
498 2145 657 2187 divitiis
702 2146 964 2188 Philodemus
1002 2146 1105 2195 XII;
1151 2145 1228 2187 Dio
1269 2145 1329 2195 II,
1370 2150 1441 2188 40.
1503 2144 1615 2199 Aga·

139 2225 300 2254 memno
339 2213 477 2255 decem
518 2215 709 2257 Nestores
746 2215 920 2268 praefert
965 2216 1102 2257 decem
1142 2214 1393 2257 Achillibus:
1438 2214 1497 2256 sic
1536 2214 1615 2256 Dio

139 2282 200 2332 II,
234 2288 311 2331 213
355 2282 618 2327 Philodemus
659 2285 771 2328 XIV.
833 2284 882 2327 de
911 2285 1019 2339 regis
1048 2286 1190 2327 ornatu
1220 2283 1482 2326 Philodemus
1511 2284 1614 2337 XX3

140 2351 220 2393 Dio
269 2352 333 2402 H,
384 2358 453 2395 49.
530 2352 579 2395 de
640 2354 826 2397 Nestoris
841 2386 851 2405 ,
913 2354 1044 2397 Ulixis
1060 2386 1070 2404 ,
1132 2353 1341 2395 Diomedis
1399 2352 1616 2406 prudentia

140 2420 402 2463 Philodemus
437 2423 498 2470 X;
539 2423 658 2473 XIV,
705 2424 783 2465 Dio
817 2425 880 2473 ΙΙ,
922 2428 1124 2466 20—22.
1194 2424 1314 2476 atque
1359 2423 1435 2465 hae
1472 2423 1615 2465 Philo·

134 2488 248 2539 ¹demi
278 2490 501 2533 sententiae
541 2504 634 2534 cum
673 2493 801 2536 altera
831 2493 973 2536 Dionis
1010 2492 1189 2536 oratione
1227 2492 1506 2543 consentiunt;
1545 2493 1615 2536 sed

234 2653 270 2698 1)
293 2653 439 2688 Praeter·
447 2652 599 2689 Salvium
620 2655 800 2700 Cyrillum,
824 2657 884 2702 qui
901 2657 984 2690 hwc
1001 2656 1196 2700 fingmento.
1213 2656 1250 2690 in
1266 2656 1416 2690 editione
1436 2656 1613 2699 tractavit,

140 2723 230 2748 unus
252 2710 441 2753 Buecheler
463 2711 506 2746 de
529 2711 572 2747 iis
596 2713 670 2758 egit
692 2714 729 2749 in
752 2713 843 2750 Mus.
867 2713 976 2749 Rhen.
1002 2713 1068 2749 vol.
1093 2709 1199 2757 XLII,
1224 2725 1258 2760 p.
1284 2714 1436 2760 lesssqq.

1309 2773 1333 2806 4
