1772 2936
865 61 891 98 5

139 200 248 229 ποτε
285 183 439 241 ἀγέλην
482 176 723 242 ᾐσθήμεθα
767 196 844 225 συ-
913 182 1088 239 κήδεται
1118 182 1283 236 μᾶλλον
1302 188 1377 225 τοῦ
1396 180 1596 235 νέμοντος
1607 197 1616 233 ;

137 261 302 298 στᾶσαν
341 253 419 297 ἐπὶ
458 254 533 296 τὸν
571 251 703 308 νομέα
749 251 844 296 οὔτε
914 284 924 294 .
948 284 958 294 .
980 285 990 294 .
1021 249 1090 303 τίς
1119 251 1168 295 δὲ
1195 252 1360 306 μᾶλλον
1394 249 1619 309 φίλιππος

138 325 197 376 ὡς
224 326 285 382 μὴ
315 322 560 367 πείθεσθαι
590 321 686 366 οὔτε
706 323 764 373 ὡς
782 324 842 380 μὴ
912 329 1007 365 τοῦ
1025 322 1289 365 πλεῖστον
1307 321 1403 377 μὲν
1423 321 1616 378 ἄρχον-

138 393 389 452 ἐπιτρέπειν
433 392 497 450 τῷ
541 392 702 450 καρπῷ
738 402 841 451 χρῆ·
912 408 1000 444 τος
1038 393 1193 435 ἵππω
1204 410 1243 446 ν,
1284 393 1519 436 πλεῖστα
1559 390 1618 434 δὲ

137 469 267 517 σθαι,
299 464 410 507 ἀλλὰ
440 463 514 506 καὶ
543 461 844 521 χαλεπώτεραί
913 456 1000 521 ἀφ’
1050 464 1239 506 ἵππων
1298 461 1615 521 ὠφελουμέ-

137 533 248 577 εἶσιν
294 531 340 575 αἶ
392 532 541 588 ἀγέλαι
586 540 699 575 πᾶσι
749 535 843 584 τοῖς
912 550 935 575 ν
945 549 967 576 ο
977 551 1021 583 υς
1067 566 1078 575 .
1101 566 1111 575 .
1134 568 1142 576 .
1174 534 1308 576 δεινὸν
1346 534 1427 589 γὰρ
1439 566 1450 585 ,
1496 530 1534 574 εἰ
1574 529 1614 574 οἳ

138 603 469 660 ἀλλοφύλοις
513 604 539 661 ἢ
582 605 704 654 τοῖς
749 602 840 660 ‹51¹9-
912 602 1232 661 ἀλλοφύλων
1252 602 1328 645 καὶ
1356 600 1514 660 ἀγρίων
1538 601 1617 657 ὂίρ-

124 671 289 726 ,χουσί
319 689 376 716 τε
405 673 499 716 καὶ
530 673 840 731 ὠφελουμὲ-
909 689 1051 727 χοντες
1119 672 1286 730 θηρίων
1354 672 1615 727 εὐνούστεροι

135 759 159 785 ν
168 758 191 785 o
202 760 219 785 ι
228 759 250 793 ς
295 742 324 785 ἀ
332 737 388 785 π’
429 761 458 786 α
469 743 492 786 ὖ
502 760 528 786 τ
537 752 571 786 ὤ
579 761 601 786 ν
612 758 622 767 ·
669 743 842 800 ἄνθρω-
914 738 996 787 εἶεν
1014 745 1106 794 τοῖς
1126 742 1372 799 ἀρχομένοις
1391 749 1468 785 τοῦ
1485 745 1615 797 βασι-

137 828 216 855 ποι
266 812 314 856 δὲ
359 806 430 855 ἐπ’
464 812 638 865 οὐδένας
681 813 846 868 μᾶλλον
918 814 1109 864 λεύοντος
1158 812 1405 870 ἀνθρώπων
1460 810 1626 870 ἡμέρων

145 881 421 925 συνίστανται
471 885 497 940 ἢ
546 883 624 925 ἐπὶ
674 884 849 934 τούτους
920 884 995 927 καὶ
1026 884 1267 940 ὁμοφύλων.

145 950 216 1003 οὓς
238 953 288 1004 ἂν
309 950 556 996 αἴσθωνται
576 952 718 1010 ἄρχειν
749 950 848 997 ἔαυ-

145 1032 230 1064 τῶν
260 1023 590 1079 ἐπιχειροῦντας.

234 1117 428 1170 Apertam
461 1117 740 1170 Xenophontis
769 1117 1041 1160 imitationem
1075 1116 1181 1170 sapit
1211 1115 1335 1158 etiam
1367 1116 1391 1170 ξ
1423 1120 1490 1158 20.

262 1221 364 1262 Xen.
397 1221 508 1263 Hier.
540 1222 613 1272 XI,
648 1228 721 1263 11:
1221 1220 1319 1262 Dio:

144 1303 253 1344 ὥστε
298 1301 346 1344 οὗ
399 1303 526 1356 μόνον
576 1303 724 1359 φιλοῖο
784 1302 845 1355 ἄν,
919 1302 1077 1360 ἀνάγκη
1119 1303 1191 1345 τὸν
1230 1303 1384 1359 ἥμερον
1413 1300 1488 1344 καὶ
1519 1301 1622 1358 φιλ-

143 1370 253 1412 ἀλλά
292 1370 366 1412 καὶ
406 1370 516 1427 ἕρῴο
560 1365 639 1412 ὑπ’
673 1372 844 1429 ἀνθρώ·
917 1372 1155 1428 ἄνθρωπον
1183 1370 1369 1426 βασιλέα
1403 1372 1464 1428 μὴ
1493 1370 1622 1424 μόνον

143 1456 251 1482 πων.
916 1443 1148 1499 φιλεῖσθαι
1218 1434 1299 1484 ὑπ’
1363 1441 1621 1497 ἀνθρώπων,

917 1512 1027 1555 ἀλλὰ
1058 1511 1134 1555 καὶ
1164 1509 1365 1568 ἐρᾶσθαι.

233 1592 341 1646 regis
379 1593 473 1634 boni
513 1594 763 1654 humanitas,
810 1607 930 1647 quam
971 1594 1049 1636 Dio
1087 1594 1130 1636 in
1170 1594 1248 1635 fine
1288 1594 1466 1636 eiusdem
1509 1606 1621 1646 para-

141 1662 286 1716 graphi
317 1662 468 1713 laudat,
500 1666 837 1706 commemoratur
867 1664 991 1706 etiam
1023 1664 1164 1719 Cyrop.
1196 1664 1309 1713 VIII,
1343 1670 1381 1713 2,
1416 1671 1451 1705 1.
1497 1663 1622 1717 Cyrus

142 1744 257 1785 saepe
288 1731 430 1789 πρᾷος
467 1733 719 1782 nominatur,
759 1734 811 1776 cf.
843 1733 983 1788 Oyrop.
1016 1735 1088 1784 III,
1123 1741 1161 1784 1,
1195 1740 1272 1783 41;
1307 1734 1374 1783 VI,
1409 1741 1447 1782 1,
1480 1739 1548 1783 37,
1581 1735 1622 1775 et

141 1801 357 1856 Agesilaus
387 1803 419 1852 I,
453 1809 529 1852 20;
560 1803 632 1853 XI,
666 1809 704 1845 2.
764 1803 815 1846 ad
856 1804 1065 1858 sequentia
1095 1804 1231 1846 confer
1262 1803 1401 1858 Cyrop.
1434 1804 1466 1852 Ι,
1500 1809 1540 1851 6,
1571 1808 1618 1845 8:

141 1885 209 1913 rex
230 1884 309 1913 non
330 1872 437 1914 vitae
458 1873 723 1924 iucunditate,
755 1874 824 1916 sed
854 1874 1061 1917 laboribus
1087 1877 1129 1916 et
1149 1887 1245 1916 cura
1264 1875 1372 1916 cives
1392 1875 1555 1927 superat
1575 1875 1619 1926 ¹).

141 1942 291 1983 Barner
321 1941 371 1983 ad
403 1943 508 1984 hunc
542 1943 682 1985 Dionis
711 1944 848 1986 locum
872 1947 1084 2001 praeterea
1113 1944 1253 1998 Cyrop.
1275 1945 1308 1994 Ι,
1332 1949 1372 1993 6,
1395 1948 1450 1986 25
1476 1943 1621 1984 attulit

141 2015 182 2054 et-
211 2013 372 2065 propter
402 2012 639 2055 vocabulum
672 2013 910 2070 φιλόπονος
938 2014 1060 2069 Ages.
1081 2014 1153 2064 IX,
1177 2020 1224 2063 33
1257 2013 1394 2068 Cyrop.
1419 2013 1492 2060 111,
1517 2019 1555 2061 3,
1578 2020 1618 2055 8.

140 2082 183 2122 in
224 2082 362 2123 eadem
401 2083 579 2125 sectione
624 2084 699 2125 Dio
740 2085 1015 2138 voluptatibus
1053 2097 1216 2138 corpora
1255 2083 1462 2125 debilitari
1506 2082 1618 2132 dicit,

139 2150 246 2192 idem
269 2151 491 2205 Xenophon
512 2153 656 2195 Oecon.
679 2155 709 2205 I,
733 2160 802 2205 20,
832 2155 1024 2197 similiter
1055 2155 1103 2197 de
1134 2155 1209 2197 hac
1230 2168 1272 2196 re
1294 2154 1417 2196 etiam
1443 2154 1615 2206 Apomn.

139 2221 199 2271 II,
234 2227 271 2270 1,
304 2216 373 2263 31ss
435 2236 536 2276 quae
584 2226 796 2276 secuntur,
845 2225 905 2267 ita
943 2225 1050 2279 apud
1091 2225 1401 2278 Xenophontem
1434 2235 1511 2264 non
1553 2223 1617 2263 in-

140 2292 368 2343 veniuntur,
399 2293 468 2334 sed
498 2306 546 2335 ex
577 2294 664 2336 eius
695 2306 805 2337 more
836 2294 946 2337 dicta
975 2297 1083 2337 sunt.
1144 2295 1290 2351 πατὴρ
1311 2302 1395 2335 τῶν
1426 2292 1618 2335 πολιτῶν

139 2362 180 2415 (ἓ
212 2363 284 2416 22)
326 2375 430 2405 unus
468 2365 638 2417 quisque
679 2365 807 2407 bonus
847 2378 915 2407 rex
946 2366 1197 2414 nominatur,
1240 2365 1298 2407 sic
1338 2365 1460 2406 etiam
1494 2362 1619 2417 Cyrus

140 2445 172 2473 e,
205 2444 244 2485 g.
266 2431 405 2486 Cyrop.
431 2433 541 2484 VIII,
567 2441 604 2484 1,
635 2442 672 2476 1.
734 2436 758 2489 ξ
790 2442 868 2478 23;
900 2448 968 2477 rex
999 2448 1079 2477 non
1109 2436 1185 2485 sui,
1216 2435 1285 2477 sed
1316 2435 1466 2476 civium
1499 2445 1618 2474 causa

138 2503 292 2557 regnat,
333 2502 423 2544 vide
455 2503 557 2546 Xen.
591 2506 765 2558 Apomn.
798 2506 859 2557 II,
892 2512 932 2556 2,
965 2512 989 2548 2
1012 2519 1070 2559 sq.
1138 2505 1315 2548 similem
1363 2504 1406 2545 in
1451 2502 1615 2545 modum

233 2656 269 2698 1)
296 2655 380 2690 Vide
412 2656 594 2701 utriusque
625 2656 692 2691 loci
725 2659 827 2693 verba
861 2659 986 2694 similia
1018 2671 1093 2694 esse
1125 2662 1162 2693 et
1190 2661 1380 2703 ,utrumque
1414 2656 1616 2701 scriptorem

138 2713 306 2749 antithesi
331 2725 433 2760 quam
457 2713 601 2749 dicimus
625 2715 688 2751 uti.
