1772 2936
848 22 903 60 34

134 143 212 188 καὶ
254 136 437 187 ’Ἀνυτον
478 144 697 201 παριόντα
739 142 842 188 ἰδὼν
881 142 1041 199 εἰπεῖν,
1096 138 1189 189 ἀλλ’
1232 146 1256 190 ὁ
1294 145 1373 201 μὲν
1412 145 1515 205 ἀνὴρ
1556 147 1632 190 ὅδε

135 214 313 272 κυδρός,
361 215 420 266 ὡς
457 214 570 271 μέγα
610 232 653 258 τι
694 215 771 259 καὶ
802 216 932 259 καλὸν
963 215 1363 274 διαπεπραγμένος,
1409 214 1448 260 εἶ
1486 215 1625 260 ἀπέκ-

136 283 235 329 τονέ
277 300 354 340 με,
401 284 469 328 ὅτι
518 284 646 329 αὐτὸν
692 294 778 329 τῶν
821 283 1033 342 μεγίστων
1071 287 1159 330 ὑπὸ
1197 295 1272 344 τῆς
1312 286 1478 338 πόλεως
1517 287 1631 344 ὁρῶν

135 353 385 410 ἀξιούμενον
427 353 505 398 οὐκ
550 352 659 414 ἔφην
701 363 854 413 χρῆναι
899 356 973 399 τὸν
1017 353 1110 400 υἱὸν
1155 356 1255 415 περὶ
1304 357 1466 414 βύρσας
1516 374 1627 401 παι-

134 425 276 469 δεύειν.
339 425 407 468 hic
436 426 567 477 locus,
608 426 676 469 cui
711 439 805 469 sane
836 426 964 478 inest,
1011 428 1117 481 quod
1156 428 1405 483 quaerimus,
1447 428 1516 471 sed
1556 441 1626 470 ne-

135 508 214 552 que
244 496 344 539 satis
382 496 525 552 magni
566 497 765 539 momenti
795 509 924 552 neque
963 510 1010 540 ex
1050 498 1209 553 dialogo
1249 500 1452 553 sumptus,
1491 499 1550 543 ita
1579 501 1628 542 ut

134 567 203 610 vix
233 566 371 609 credas
403 567 575 609 Dionem
617 579 711 609 eum
751 567 972 621 respicere,
1015 568 1167 622 optime
1206 568 1436 611 illustratur
1475 569 1630 612 scholio

135 637 351 681 Clarkiano
392 636 442 679 ad
481 637 670 680 Platonis
709 637 828 692 Apol.
862 643 915 681 18
939 638 997 680 B:
1038 633 1160 689 οὗτος
1199 637 1222 680 ὁ
1256 637 1435 691 ’Ἀνυτος
1469 632 1625 683 'Auffe-

135 705 296 762 μίωνος
315 705 365 764 ἦν
385 704 488 759 υἱός,
517 699 759 765 Ἀθηναῖος
790 706 918 763 γένος,
949 701 1229 763 Ἀλκιβιάδου
1262 707 1456 766 ἐραστής,
1488 710 1626 753 πλού-

138 791 233 828 σιος
263 774 311 820 ἐκ
342 778 681 836 βυρσοδεψικῆς·
712 778 817 821 ὅθεν
848 776 923 821 καὶ
944 778 1247 833 σκωπτόμενος
1267 779 1353 822 ὑπὸ
1375 779 1630 836 Σωκράτους

137 848 211 891 διὰ
231 855 358 890 τοῦτο
379 849 413 903 ¹)
429 880 439 890 .
455 880 486 890 ..
509 845 658 890 ἔπεισε
676 852 829 905 μισθῷ
851 847 1056 906 Μέλητον
1076 847 1273 903 ἀσεβείας
1294 850 1462 907 γραφὴν
1481 850 1627 892 δοῦναι

136 918 252 961 κατὰ
265 916 534 975 Σωκράτους.
565 916 780 976 μέμνηται
796 915 973 970 Λυσίας
988 917 1032 961 ἐν
1048 918 1302 976 Σωκράτους
1319 918 1536 977 ἀπολογίᾳ
1552 918 1628 963 καὶ

137 988 339 1046 Ξενοφῶν
359 986 532 1042 ὁμοίως,
554 987 629 1031 καὶ
649 981 945 1045 Ἀριστόξενος
967 988 1010 1031 ἐν
1029 998 1090 1046 τῷ
1113 989 1367 1046 Σωκράτους
1386 988 1481 1047 βίῳ.
1520 991 1629 1033 inter

137 1060 211 1102 hos
231 1058 471 1102 scholiastae
493 1059 626 1102 fontes
645 1059 831 1115 dialogus
861 1073 940 1102 non
972 1062 1045 1103 est.
1107 1060 1245 1103 eadem
1276 1074 1339 1104 res
1371 1063 1555 1105 narratur
1584 1061 1629 1104 in

138 1130 438 1173 Socraticorum
470 1130 647 1184 epistula
676 1130 776 1172 XIV
806 1131 857 1172 ab
879 1130 1083 1173 Aeschine
1114 1131 1163 1172 ad
1195 1132 1508 1185 Xenophontem
1536 1132 1630 1174 data

141 1201 197 1255 (p.
233 1206 285 1244 19
319 1201 421 1256 On).
486 1212 565 1244 non
597 1213 696 1255 opus
726 1202 788 1243 est
817 1202 938 1244 verba
976 1202 1136 1252 afferre,
1183 1202 1278 1256 quia
1324 1215 1403 1245 non
1450 1204 1628 1246 multum

141 1271 296 1313 distant
325 1283 350 1313 a
380 1268 468 1313 loco
502 1272 566 1313 Ps.
598 1272 903 1325 Xenophonteo.
965 1272 1090 1314 etiam
1130 1272 1326 1314 Libanius
1365 1272 1413 1314 de
1454 1272 1630 1314 Socratis

140 1343 182 1383 et
211 1341 342 1396 Anyti
374 1340 574 1396 colloquio
605 1341 694 1396 agit
724 1341 768 1383 in
800 1341 976 1384 Socratis
1005 1341 1190 1396 apologia
1220 1355 1246 1395 p
1285 1347 1339 1385 10
1361 1343 1398 1385 R
1419 1342 1513 1396 (vol.
1535 1343 1629 1402 111),

139 1412 209 1454 sed
248 1423 329 1453 non
369 1411 508 1453 hausit
538 1423 560 1453 e
591 1411 884 1464 Xenophonte,
925 1424 1018 1453 cum
1061 1412 1190 1453 multo
1229 1411 1346 1465 plura
1386 1412 1434 1453 de
1473 1412 1549 1453 hac
1587 1424 1631 1453 re

143 1482 292 1523 narret.
355 1493 487 1535 neque
518 1481 715 1523 Libanius
745 1480 851 1523 alius
881 1481 1007 1524 fontis
1037 1481 1256 1536 vestigium
1277 1482 1455 1535 praebet.
1507 1493 1631 1535 quam

141 1552 191 1594 ob
223 1564 309 1593 rem
342 1564 436 1593 cum
468 1551 701 1593 coniectura
732 1564 830 1605 opus
861 1553 936 1603 sit,
977 1553 1019 1593 et
1048 1552 1133 1606 ipse
1164 1551 1307 1594 statim
1341 1552 1390 1594 de
1428 1552 1631 1594 Aeschine

141 1621 329 1677 cogitavi.
394 1621 639 1664 Aeschinem
678 1622 862 1664 omnium
904 1621 1200 1664 Socraticorum
1248 1622 1417 1664 minime
1457 1621 1632 1664 Socratis

139 1692 452 1746 philosophiam,
482 1691 552 1734 sed
582 1691 718 1745 potius
739 1691 867 1734 vitam
890 1692 933 1733 in
955 1704 1116 1734 scenam
1146 1691 1379 1746 produxisse
1411 1693 1452 1734 et
1483 1692 1634 1733 multas

141 1762 190 1804 de
231 1762 425 1816 magistro
467 1762 625 1804 fabulas
665 1764 707 1803 et
746 1762 1069 1804 narratiunculas
1113 1775 1290 1804 servasse
1337 1775 1385 1803 ex
1431 1761 1631 1811 omnibus,

141 1844 244 1885 quae
275 1831 324 1872 de
355 1831 443 1873 eius
473 1831 638 1884 scriptis
673 1831 805 1873 adhuc
843 1831 1015 1880 scimus,
1058 1833 1226 1874 constat.
1290 1830 1511 1873 Aeschines
1550 1831 1632 1872 for-

141 1903 248 1944 tasse
287 1901 413 1943 etiam
454 1899 661 1959 indicatur
700 1900 875 1954 epistula
914 1901 1117 1943 Socratica
1158 1900 1276 1943 modo
1307 1901 1631 1942 commemorata.

140 1970 211 2014 sed
232 1972 389 2013 certum
421 1970 543 2013 huius
574 1970 784 2023 scriptoris
815 1969 1022 2024 dialogum
1053 1970 1193 2012 afferre
1225 1969 1450 2024 nequimus,
1481 1969 1524 2010 in
1556 1981 1637 2024 quo

142 2042 304 2097 Anytus
333 2053 567 2096 progressus
597 2039 677 2091 sit;
707 2039 874 2083 fortasse
895 2040 939 2082 in
961 2039 1175 2083 Alcibiade
1197 2053 1290 2082 eum
1313 2039 1488 2089 induxit,
1519 2039 1635 2081 cuius

142 2113 300 2154 amator
319 2111 483 2166 Anytus
504 2111 627 2153 fuisse
659 2110 812 2152 dicitur
842 2123 923 2153 non
954 2111 1083 2153 solum
1115 2123 1140 2152 a
1169 2110 1387 2152 scholiasta
1408 2109 1633 2160 Platonico,

142 2181 211 2225 sed
251 2181 378 2225 etiam
418 2194 443 2223 a
482 2181 624 2236 Satyro
662 2180 769 2234 apud
809 2181 1067 2223 Athenaeum
1097 2181 1192 2231 XII,
1223 2194 1262 2234 p.
1296 2186 1380 2224 534
1402 2181 1448 2231 Ε,
1479 2193 1503 2222 a
1533 2180 1633 2222 Plu-

143 2251 283 2294 tarcho
322 2251 366 2293 in
405 2251 493 2294 vita
523 2250 751 2294 Alcibiadis
780 2256 807 2293 4
849 2253 891 2293 et
930 2252 1067 2293 Amat.
1107 2263 1145 2304 p.
1180 2255 1262 2293 '762
1286 2249 1329 2293 C.
1392 2250 1552 2305 Anytus
1591 2250 1634 2291 in

143 2321 358 2364 Alcibiade
389 2320 530 2364 eodem
562 2322 651 2364 iure
672 2322 884 2375 procedere
905 2321 1054 2375 potuit,
1085 2333 1163 2375 quo
1184 2320 1365 2375 Lysicles
1384 2320 1428 2362 in
1450 2320 1637 2374 Aspasia,

144 2391 261 2435 cuius
290 2392 448 2435 amator
482 2391 572 2435 fuit.

240 2568 276 2610 1)
300 2567 343 2602 In
368 2567 483 2602 codice
521 2566 660 2601 videtur
693 2567 817 2601 lacuna
849 2566 975 2610 fuisse,
1011 2577 1113 2613 quam
1146 2566 1327 2601 verborum
1361 2566 1543 2600 contextus
1567 2573 1637 2597 non

145 2626 299 2672 praebet.
347 2625 496 2661 fortasse
533 2625 751 2661 scribendum
789 2627 861 2661 est:
906 2628 1142 2674 Σωκράτους·
1181 2626 1245 2661 διὰ
1279 2632 1388 2660 τοῦτο
1423 2624 1637 2671 <ὀργισθείς

146 2687 266 2730 αὐτῷ)
293 2686 424 2720 ἔπεισε.
451 2712 458 2719 .
480 2712 487 2719 .
510 2712 516 2719 .
