1772 2936
878 63 932 101 36

244 185 418 229 Videtur
448 185 579 241 igitur
599 186 679 229 Dio
710 187 843 230 tribus
863 187 1079 230 Aeschinis
1110 185 1284 241 dialogis
1312 198 1410 229 usus
1440 198 1538 238 esse,
1569 186 1647 228 Al-

153 256 336 308 cibiade,
378 257 571 312 Aspasia,
623 258 814 313 Telauge.
877 271 979 312 quae
1017 270 1082 301 res
1119 270 1214 301 sane
1255 257 1533 300 memorabilis
1571 258 1646 307 est,

151 338 400 382 quamquam
431 327 501 370 vix
530 340 690 382 sperare
721 327 820 371 licet
839 328 937 380 fore,
969 330 1017 372 ut
1037 340 1059 370 e
1079 328 1224 371 Dionis
1249 326 1411 381 scriptis
1431 326 1646 370 Aeschinis

153 397 384 452 fragmenta
430 400 636 441 eruantur.
700 398 749 440 ad
795 398 1011 441 Aeschinis
1049 399 1263 453 Aspasiam
1307 398 1474 440 fortasse
1520 397 1645 439 etiam

153 467 412 510 referendum
458 469 520 509 est
567 467 837 522 Rhodogunes
882 480 1029 509 nomen
1075 469 1119 510 in
1166 481 1220 510 or.
1261 467 1383 518 XXI,
1427 473 1465 518 7,
1511 465 1646 508 confer

155 536 198 580 0.
232 538 277 580 F.
310 538 520 580 Hermann
552 551 589 591 p.
625 543 690 580 18.

244 723 287 756 c.
333 711 414 756 DE
455 709 873 756 DEMOSTHENE.
937 712 996 753 De
1042 711 1185 753 Dionis
1224 711 1406 754 fontibus
1442 712 1645 754 historicis

153 795 273 838 agere
304 796 433 838 neque
454 785 637 825 nostrum
669 784 731 825 est
761 784 803 824 et
823 782 875 824 ab
896 782 1077 835 Hauptio
1099 782 1140 824 in
1165 782 1371 836 Philologi
1393 782 1470 824 vol.
1493 782 1645 833 XLIII,

152 865 192 907 p.
217 858 301 896 385
323 866 407 907 sqq.
430 853 513 894 iam
544 853 698 895 factum
730 854 800 894 est.
866 852 915 893 de
947 851 1150 894 Herodoto
1180 851 1230 894 cf.
1263 853 1469 905 praeterea
1499 852 1644 905 Hagen

152 935 190 976 p.
208 929 265 966 32
287 935 344 977 sq.
378 922 533 964 duobus
549 924 686 964 autem
710 921 810 964 locis
828 922 906 964 Dio
923 921 1212 964 Demosthenis
1233 921 1354 963 verba
1371 921 1502 971 affert,
1523 934 1642 975 quem

153 1005 246 1034 eum
267 992 481 1046 permagni
501 992 737 1034 aestimasse
767 992 894 1034 etiam
927 991 1200 1033 Philostratus
1230 991 1369 1041 tradit,
1400 1004 1494 1033 cum
1516 990 1643 1033 dicat:

152 1061 244 1105 ἀπὸ
274 1062 393 1104 δυοῖν
421 1058 612 1116 βιβλίοιν
643 1059 796 1104 ἑαυτὸν
826 1060 1027 1114 ξυνεῖχεν·
1064 1060 1192 1103 ταυτὶ
1232 1059 1280 1103 δὲ
1316 1058 1366 1118 ἣν
1397 1060 1423 1103 δ’
1449 1076 1496 1103 τε
1529 1057 1643 1102 Φαί-

151 1132 238 1174 δων
278 1131 302 1174 ὁ
341 1137 420 1174 τοῦ
455 1131 693 1182 Πλάτωνος
742 1129 818 1173 καὶ
857 1129 1164 1188 Δημοσθένους
1203 1131 1226 1173 ὁ
1266 1132 1380 1173 κατὰ
1418 1138 1494 1187 τῆς
1534 1145 1642 1185 πρε-

151 1198 313 1256 σβείας.
376 1201 521 1243 Dionis
549 1201 629 1243 loci
661 1202 758 1243 sunt
788 1213 843 1244 or.
878 1201 1013 1251 XXII,
1047 1206 1094 1243 5:
1128 1202 1276 1257 ὥσπερ
1309 1199 1386 1243 ἐπὶ
1417 1199 1638 1257 τρυτάνης,

152 1267 237 1328 ἔφη
265 1286 335 1321 τις
361 1264 487 1324 οἶμαι
506 1279 594 1321 τῶν
614 1270 803 1328 ῥητόρων
835 1269 985 1322 αὐτῶν,
1016 1271 1131 1313 κατὰ
1151 1271 1201 1313 τὸ
1223 1270 1370 1327 λῆμμα
1396 1269 1463 1312 ἀεὶ
1488 1269 1642 1326 ῥέπον-

151 1355 231 1392 τες,
282 1339 333 1381 cf.
374 1340 492 1382 Dem.
524 1340 573 1382 de
605 1352 750 1382 corona
780 1340 805 1393 ἓ
844 1345 944 1390 369,
992 1352 1070 1394 quo
1101 1341 1187 1382 loco
1219 1340 1325 1382 lecto
1356 1339 1477 1382 facile
1518 1340 1641 1382 intel-

151 1410 262 1464 leges
292 1409 468 1452 Dionem
508 1409 556 1452 de
597 1410 794 1452 memoria
826 1410 1110 1452 Demosthenis
1149 1409 1270 1452 verba
1306 1409 1488 1452 recitare.
1551 1409 1641 1460 VII,

154 1486 251 1531 114,
283 1481 331 1522 ut
360 1492 427 1522 me
458 1479 507 1521 de
524 1479 807 1523 Wilamowitz
829 1480 979 1530 docuit,
1012 1480 1195 1534 exempla
1227 1480 1303 1522 Dio
1324 1493 1346 1522 e
1369 1480 1641 1523 Demosthene

149 1551 345 1604 sumpsit,
392 1563 448 1592 or.
481 1550 616 1599 LVII,
647 1551 672 1604 ἓ
704 1555 772 1593 35.
806 1556 874 1593 45.
938 1550 1008 1604 qui
1047 1551 1159 1592 locus
1200 1550 1341 1592 Dionis
1381 1551 1425 1591 in
1464 1562 1638 1592 errorem

151 1620 268 1662 duxit
298 1632 427 1674 nuper
454 1620 688 1663 Eduardum
710 1620 850 1675 Meyer
881 1620 969 1674 (die
998 1619 1335 1673 wirtschafiliche
1365 1618 1640 1673 entwickluny

150 1690 221 1732 des
250 1689 478 1740 altertums,
500 1689 757 1743 jahrbiicher
785 1690 816 1742 f.
847 1689 1295 1732 national·oek0nomie
1323 1690 1445 1740 1895,
1476 1690 1539 1731 bd.
1570 1692 1638 1740 64,

148 1773 181 1800 s.
214 1761 335 1814 747),
375 1772 469 1801 cum
507 1759 689 1802 crederet
729 1761 778 1801 de
818 1772 891 1802 sua
929 1762 1062 1802 aetate
1102 1759 1276 1802 Dionem
1316 1759 1448 1802 dicere
1486 1772 1586 1814 quae
1617 1772 1639 1801 e

149 1830 424 1873 Demosthene
454 1829 604 1873 hausit.
667 1830 747 1872 iam
770 1843 817 1872 ex
845 1830 909 1872 his
930 1831 1085 1873 duobus
1115 1830 1215 1873 locis
1244 1832 1410 1884 apparet
1440 1832 1638 1872 oratorem

147 1899 268 1942 illum
311 1899 434 1942 Dioni
485 1899 732 1942 familiarem
780 1900 925 1949 fuisse,
979 1902 1021 1942 et
1066 1912 1206 1954 operae
1257 1901 1435 1953 pretium
1481 1902 1544 1942 est
1589 1901 1637 1942 de

147 1971 224 2012 hac
262 1982 305 2012 re
336 1969 564 2012 accuratius
603 1983 734 2024 agere.
803 1970 854 2012 ad
894 1972 1072 2013 nostram
1113 1971 1390 2024 quaestionem
1430 1970 1638 2012 sufficiunt

145 2052 275 2093 pauca
313 2040 509 2093 exempla.
570 2040 672 2081 adde
721 2052 778 2082 or.
818 2039 982 2088 XXXI,
1025 2045 1121 2090 128,
1169 2052 1248 2093 quo
1287 2041 1374 2081 loco
1415 2040 1492 2081 Dio
1531 2040 1637 2093 Lep-

145 2109 282 2152 tineae
331 2108 526 2152 orationis
573 2109 786 2158 meminit,
843 2109 1034 2164 quoniam
1090 2110 1178 2151 eius
1227 2110 1477 2164 rogationem
1528 2111 1636 2152 certe

146 2179 312 2221 aliunde
352 2191 433 2220 non
464 2179 590 2220 novit.
654 2179 732 2220 Dio
764 2179 1078 2221 Demosthenem
1110 2191 1151 2221 se
1182 2179 1298 2221 valde
1328 2178 1521 2221 admirari
1551 2179 1636 2233 ipse

146 2249 250 2292 dicit
279 2261 335 2291 or.
367 2248 523 2300 XVIII,
555 2255 630 2291 11:
661 2247 947 2307 Δημοσθένην
977 2248 1154 2303 δυνάμει
1184 2264 1231 2292 τε
1261 2247 1529 2305 ἀπαγγελίας
1560 2247 1636 2292 καὶ

146 2318 356 2377 δεινότητι
396 2316 593 2370 διανοίας
631 2317 709 2361 καὶ
750 2318 917 2377 πλήθει
957 2318 1092 2375 λόγων
1123 2318 1293 2370 πάντας
1322 2319 1422 2371 τοὺς
1451 2319 1635 2377 ῥήτορας

145 2389 509 2448 ὑπερβεβληκότα.

234 2566 282 2610 d.
322 2565 404 2610 DE
433 2564 744 2611 IsocRATE.
795 2565 966 2609 Gravior
986 2568 1050 2610 est
1068 2566 1252 2621 quaestio
1273 2566 1321 2610 de
1341 2565 1511 2616 ratione,
1531 2576 1634 2619 quae

143 2638 253 2680 inter
283 2637 458 2680 Dionem
489 2639 532 2679 et
561 2638 779 2679 Isocratem
813 2637 1047 2680 intercedat.
1109 2649 1188 2691 qua
1218 2637 1267 2679 de
1296 2650 1340 2679 re
1361 2637 1448 2690 egit
1468 2637 1516 2677 B.
1536 2634 1634 2676 Keil

146 2706 190 2749 in
231 2707 406 2750 Hermae
443 2706 522 2750 vol.
556 2706 722 2759 XXIII,
761 2720 801 2761 p.
834 2710 918 2751 365
944 2704 1001 2763 sq'.
1056 2706 1155 2750 Keil
1199 2705 1410 2750 contendit
1456 2703 1633 2748 Dionem
