1772 2936
861 64 913 102 12

141 184 484 242 πλουτοκρατιά,
505 184 780 243 ὀχλοκρατία.
841 188 942 230 haec
961 186 1118 230 similia
1147 190 1245 230 sunt
1273 187 1339 238 iis,
1369 199 1471 242 quae
1494 187 1632 230 Xeno-

140 257 250 311 phon
286 257 335 299 de
366 257 507 299 eadem
538 269 582 299 re
613 257 716 300 dicit
747 259 922 312 Apomn.
944 257 1015 308 IV,
1041 264 1079 308 6,
1114 264 1182 309 12,
1214 258 1419 312 imprimis
1448 270 1548 312 quae
1579 257 1628 299 de

141 338 265 382 regno
295 326 406 369 dieta
435 328 543 368 sunt.
604 326 654 369 ad
684 327 709 382 ξ
741 333 811 374 51,
851 340 951 383 quae
981 329 1045 371 est
1074 328 1123 370 de
1153 327 1262 383 regis
1291 325 1472 383 pietate,
1495 326 1631 370 confer

141 409 210 440 eos
239 397 367 447 locos,
399 410 499 450 quos
529 397 610 439 iam
642 397 766 439 attuli
797 397 848 440 ad
879 411 936 439 or.
966 398 1000 448 Ι,
1035 403 1087 440 15
1119 398 1177 451 (h.
1209 398 1311 452 disp.
1342 412 1381 452 p.
1412 400 1474 452 4),
1512 408 1628 450 prae-

141 468 252 510 terea
281 467 383 510 adde
413 467 556 522 Cyrop.
588 467 702 519 VIII,
736 474 774 518 1,
807 473 876 512 23.
937 467 1152 511 simillima
1182 481 1338 524 quoque
1374 470 1490 519 sunt,
1528 479 1628 523 quae

143 538 221 579 Dio
251 538 276 590 ὃ
308 544 362 580 52
396 538 499 579 dicit
529 538 594 587 iis,
625 550 727 592 quae
758 539 862 580 Xen.
884 538 1060 591 Apomn.
1082 539 1113 587 1,
1138 544 1176 587 3,
1201 545 1225 580 3
1247 539 1279 591 ¹)
1311 539 1404 580 deos
1433 539 1628 580 bonorum

141 607 354 650 hominum
404 607 613 650 sacrifieiis
662 608 792 663 magis
841 607 1034 651 delectari
1079 620 1201 663 quam
1249 609 1460 651 malorum.
1521 609 1628 650 recte

143 677 286 720 deinde
318 677 367 720 ad
399 678 521 720 finem
553 678 676 720 huius
706 678 898 720 sectionis
928 678 1223 720 emendandum
1254 676 1515 733 (secludenda
1535 680 1630 720 sunt

142 747 264 791 verba
294 749 369 806 τὴν
399 754 476 792 τοῦ
505 750 630 803 θεοῦ)
660 748 806 792 attulit
827 748 875 791 de
896 748 1173 791 Wilamowitz
1201 760 1361 791 versum
1382 748 1629 791 Hesiodeum

143 820 217 873 Op.
249 822 291 861 et
322 820 371 861 D.
405 825 504 869 336,
543 821 658 862 cuius
696 832 833 862 versus
865 820 942 861 Dio
982 832 1135 861 memor
1166 821 1274 870 erat,
1313 819 1504 874 quoniam
1535 831 1629 861 eum

143 890 299 944 legerat
320 890 424 933 Xen.
446 892 621 944 Apomn.
643 892 674 942 I,
694 897 732 942 3,
752 898 776 935 3
794 904 851 945 sq.
903 891 996 933 deos
1018 891 1132 933 bonis
1153 890 1272 933 factis
1292 890 1423 945 magis
1439 890 1631 932 delectari

144 972 264 1015 quam
289 960 448 1014 magnis
469 960 678 1002 sacrifieiis
698 961 923 1015 Xenophon
955 961 1056 1003 dicit
1077 962 1196 1015 Ages.
1218 961 1291 1010 XI,
1309 966 1332 1002 2
1354 961 1402 1015 Β).
1464 960 1631 1003 fortasse

143 1031 269 1072 etiam
291 1031 496 1084 sequentis
516 1031 708 1073 sectionis
730 1032 850 1073 verba
872 1032 1043 1085 vestigia
1073 1032 1152 1073 loci
1178 1031 1295 1073 modo
1326 1030 1632 1073 commemorati

143 1112 238 1154 prae
259 1113 300 1142 se
320 1101 458 1143 serunt
476 1103 596 1155 AgeS.
614 1101 687 1152 XI,
708 1101 782 1154 1³).
814 1102 922 1144 sicut
945 1101 1088 1144 Dionis
1108 1101 1235 1145 bonus
1263 1114 1332 1144 rex
1351 1101 1492 1143 heroes
1522 1100 1633 1151 colit,

144 1170 203 1211 sie
233 1170 359 1211 etiam
381 1170 507 1225 Cyrus
538 1172 589 1212 ef.
622 1171 762 1226 Cyrop.
785 1172 838 1221 II,
863 1179 910 1223 13
943 1173 1018 1221 ΙΙΙ,
1042 1179 1080 1222 3,
1105 1177 1173 1214 22.
1237 1172 1285 1213 de
1302 1172 1409 1226 regis
1423 1171 1635 1213 hominum

145 1253 242 1282 cura
273 1241 365 1282 vide
395 1254 495 1295 quae
527 1241 576 1283 ad
608 1242 834 1284 orationem
866 1242 1038 1296 primam
1071 1242 1177 1291 dixi,
1219 1242 1422 1296 imprimis
1450 1254 1636 1296 compara

143 1311 266 1364 Ages.
302 1311 389 1359 VII,
425 1319 462 1353 1.
523 1324 615 1353 eum
647 1313 672 1366 ξ
704 1317 891 1361 58-61,
932 1312 1079 1366 quibus
1122 1312 1171 1352 de
1210 1311 1371 1366 tyranni
1403 1311 1638 1353 condicione

144 1380 294 1434 agitur,
326 1382 479 1434 optime
510 1382 731 1436 comparari
763 1383 948 1436 possunt,
995 1394 1095 1435 quae
1127 1381 1253 1423 Hiero
1284 1381 1327 1422 in
1358 1381 1638 1434 Xenophontis

143 1450 287 1492 libello
319 1451 443 1501 dicit,
484 1454 531 1494 ut
567 1452 614 1494 de
646 1452 723 1494 fide
754 1453 884 1506 capite
914 1454 1078 1506 quarto,
1119 1451 1168 1493 de
1198 1451 1475 1505 voluptatibus
1504 1451 1637 1506 capite

144 1524 268 1563 sexto.
331 1535 466 1575 regem
501 1523 652 1564 bonum
682 1536 706 1564 a
737 1523 894 1564 civibus
926 1522 1057 1576 diligi.
1089 1522 1245 1563 nemini
1277 1522 1453 1563 invidiae
1484 1525 1526 1563 et
1546 1522 1636 1564 odio

145 1603 231 1633 esse
254 1591 331 1633 Dio
352 1591 376 1645 ξ
399 1597 452 1634 59
486 1594 528 1634 et
561 1597 630 1643 60,
662 1592 885 1646 Xenophon
910 1592 1075 1633 Hieron.
1096 1591 1167 1641 XI,
1201 1598 1251 1636 11
1278 1593 1319 1634 et
1348 1592 1506 1645 saepius
1536 1591 1637 1634 dicit

144 1661 314 1714 (Barner
344 1663 489 1704 attulit
508 1665 715 1716 praeterea
739 1663 856 1717 Ages.
882 1663 911 1712 I,
936 1668 1014 1711 193
1045 1662 1115 1711 .VI,
1139 1664 1196 1716 4).
1258 1662 1340 1704 iam
1376 1662 1425 1703 ad
1461 1661 1636 1715 primam

145 1731 368 1772 orationem
412 1744 478 1773 eos
510 1732 792 1785 Xenophontis
821 1733 929 1774 locos
960 1723 1229 1781 contulimus,
1271 1731 1418 1785 quibus
1448 1744 1517 1772 rex
1556 1743 1636 1772 non

447 1848 552 1883 Xen.:
1233 1848 1319 1884 Dio:

193 1908 257 1941 τόν
290 1920 326 1942 τε
361 1909 432 1954 γὰρ
469 1911 584 1955 νομέα
618 1914 752 1954 χρῆναι
784 1909 854 1954 ἔφη
974 1912 1150 1954 ποιμένος
1193 1909 1370 1947 ἐπιεικοῦς
1406 1908 1499 1953 ἔχων
1535 1906 1636 1950 ἦθος,

145 1966 350 2013 εὐδαίμονα
409 1967 453 2000 τὰ
510 1967 617 2010 κτήνη
675 1973 854 2001 ποιοῦντα
928 1969 1062 2010 σκέπης
1073 1969 1134 2001 καὶ
1147 1972 1261 2013 νομῆς
1275 1968 1547 2013 προνοούμενος
1559 1969 1635 2005 τοῖς

140 2029 308 2071 χρῆσθαι
334 2026 467 2064 αὐτοῖς.
929 2027 1043 2059 αὑτοῦ
1065 2027 1240 2068 κτήνεσιν.

244 2084 276 2123 1)
306 2085 396 2118 Οὔτε
422 2084 493 2130 γὼρ
518 2085 564 2117 (ἲν
589 2087 665 2122 τοῖς
689 2087 791 2122 θεοῖς
815 2084 886 2129 ἔφη
909 2085 1025 2122 καλῶς
1057 2084 1162 2129 ἔχειν,
1197 2086 1230 2118 εἰ
1263 2087 1342 2122 ταῖς
1365 2084 1543 2129 μεγάλαις
1568 2087 1635 2116 θυ-

147 2144 245 2180 σίαις
268 2143 411 2187 μᾶλλον
430 2143 450 2183 ἢ
470 2145 549 2180 ταῖς
572 2145 721 2187 μικραῖς
745 2142 914 2188 ἔχαιρον·
942 2143 1115 2180 πολλάκις
1147 2142 1220 2187 γὰρ
1245 2143 1290 2175 ἂν
1315 2142 1440 2180 αὐτοῖς
1464 2141 1509 2174 τὰ
1535 2141 1635 2187 παρὰ

147 2207 218 2233 τῶν
243 2206 411 2245 πονηρῶν
441 2201 584 2246 μᾶλλον
610 2202 628 2242 ἢ
654 2200 698 2233 τὰ
725 2200 826 2245 παρὰ
852 2207 923 2234 τῶν
941 2207 1113 2246 χρηστῶν
1137 2199 1229 2235 εἶναι
1253 2202 1519 2247 κεχαρισμένα·
1560 2196 1631 2233 οὔτ’

148 2260 193 2292 ἂν
218 2262 295 2297 τοῖς
320 2259 533 2304 ἀνθρώποις
559 2260 663 2298 ἄξιον
687 2258 781 2292 εἶναι
806 2260 875 2302 ζῆν,
901 2262 934 2293 εἰ
958 2260 1003 2293 τὰ
1029 2259 1130 2306 παρὰ
1156 2266 1227 2293 τῶν
1252 2266 1419 2305 πονηρῶν
1435 2260 1576 2305 μᾶλλον
1593 2257 1637 2301 ἦν

145 2319 391 2363 κεχαρισμένα
417 2321 495 2356 τοῖς
517 2320 620 2355 θεοῖς
646 2319 665 2358 ἢ
691 2317 735 2350 τὰ
761 2318 862 2361 παρὰ
881 2324 953 2351 τῶν
966 2324 1144 2363 χρηστῶν.
1171 2314 1244 2351 ἀλλ’
1268 2317 1407 2363 ἐνόμιζε
1427 2318 1511 2356 τοὺς
1528 2317 1637 2356 θεοὺς

147 2378 228 2414 ταῖς
252 2375 354 2421 παρὰ
379 2382 451 2409 τῶν
475 2376 744 2418 εὐσεβεστάτων
768 2379 894 2422 τιμαῖς
916 2377 1079 2422 μάλιστα
1100 2378 1254 2422 χαίρειν.
1303 2374 1345 2409 ef.
1370 2374 1475 2409 etiam
1491 2374 1636 2420 Apomn.

146 2432 206 2474 lv,
231 2433 266 2474 3,
294 2433 349 2468 16.

241 2492 279 2533 2)
299 2489 436 2526 Ἐκεῖνό
461 2503 501 2537 γε
524 2492 601 2538 μὴν
628 2492 750 2539 ὑμνῶν
775 2489 900 2526 οὔποτ’
929 2493 1055 2537 ἔληγεν
1079 2493 1124 2531 ὡς
1150 2492 1234 2532 τοὺς
1257 2492 1368 2532 θεοὺς
1392 2495 1508 2527 οἴοιτο
1529 2491 1637 2526 οὐδὲν

150 2547 255 2593 ἧττον
289 2551 405 2589 ὁσίοις
439 2551 559 2595 ἔργοις
584 2553 604 2593 ἢ
630 2551 757 2595 ἁγνοῖς
790 2552 900 2596 ἱεροῖς
933 2550 1090 2593 ἥδεσθαι
1124 2551 1217 2591 (nam
1254 2551 1369 2585 ἐκεῖνο
1405 2561 1467 2595 pro
1504 2549 1636 2583 tradito

147 2609 280 2647 ἐκεῖνος
304 2607 490 2651 legendum
514 2618 589 2642 esse
614 2619 735 2642 censeo
760 2608 934 2642 adductus
959 2608 1104 2642 maxime
1129 2608 1202 2643 loeo
1227 2609 1382 2650 Dioneo).

242 2666 280 2707 3)
303 2665 393 2699 Nam
419 2665 513 2700 haud
539 2677 616 2700 raro
643 2666 770 2701 accidit
793 2666 917 2709 Dioni,
952 2668 994 2700 ut
1017 2666 1343 2712 Xenophonteorum
1377 2665 1636 2701 enuntiatorum

149 2724 247 2768 quasi
276 2734 362 2758 sonu
387 2735 427 2757 ac
452 2724 561 2758 forma
587 2724 631 2758 ad
656 2725 786 2759 similes
812 2725 1003 2759 sententias
1028 2724 1224 2759 formandas
1255 2725 1493 2759 adduceretur.
