1772 2936
855 92 907 129 67

143 218 326 263 traxerit.
386 230 482 261 nam
520 215 616 259 inde
645 228 670 258 a
699 228 739 269 p.
773 220 857 259 388
879 215 915 257 Β
955 227 1077 270 usque
1116 214 1165 256 ad
1198 218 1281 257 389
1303 213 1342 256 A
1381 213 1425 255 in
1456 212 1625 269 Sisypho

146 302 226 332 non
266 289 315 330 de
352 288 658 344 βουλεύεσθαι,
703 285 772 328 sed
811 286 859 327 de
898 285 1038 342 ζητεῖν
1074 285 1211 339 agitur
1249 285 1291 326 et
1328 282 1425 338 quid
1455 284 1531 326 hoc
1570 283 1627 326 sit

140 359 431 409 constituitur,
463 356 697 412 priusquam
727 354 778 400 ad
806 355 1090 411 βουλεύεσθαι
1120 354 1316 397 redeatur.
1381 355 1458 397 Dio
1486 356 1625 398 autem

140 430 340 484 exemplis
370 442 416 471 ea
447 428 651 469 illustrare
683 428 861 477 conatur,
893 438 993 481 quae
1023 425 1143 468 initio
1174 426 1243 479 §2
1276 425 1494 479 proposuit.
1547 425 1625 467 duo

141 500 328 554 >exempla
357 501 473 549 sunt,
511 499 730 550 utrumque
770 498 977 550 sumptum
1010 509 1030 537 e
1062 495 1253 550 Sisypho,
1291 495 1361 537 sed
1399 496 1460 538 ita
1488 497 1536 538 ut
1565 508 1624 546 eo,

140 570 252 626 quod
290 569 472 613 Socrates
510 580 548 622 p.
583 572 666 611 387
698 567 733 609 D
777 567 969 621 protulit,
1016 565 1232 620 posteriore
1279 567 1438 616 utatur,
1484 565 1625 617 altero,

140 640 250 695 quod
281 641 344 682 est
373 638 447 681 Sis.
473 643 556 681 388
579 637 622 687 O,
653 638 785 691 priore
806 636 976 678 mutatis
996 636 1241 678 nominibus.
1303 637 1462 678 omissis
1488 649 1625 678 eorum

146 710 324 753 virorum
354 707 616 758 coniecturis,
655 707 726 761 qui
763 705 939 749 nondum
980 705 1135 748 fontem
1177 705 1327 760 dialogi
1368 706 1514 749 Diouei
1552 718 1624 749 no-

144 781 297 830 verant,
318 779 449 821 solum
471 791 564 820 cum
585 791 619 819 v.
636 777 672 821 d.
696 778 744 819 de
766 777 911 819 Arnim
933 789 1062 831 agam,
1085 777 1154 831 qui
1177 777 1295 819 verba
1314 777 1372 834 μὴ
1394 775 1478 834 ἄρα
1500 783 1626 819 τοῦτο

140 842 175 910 ᾖ
206 851 256 895 τὸ
285 849 569 906 βουλεύεσθαι
600 848 640 903 (ξ
663 854 687 891 3
719 847 857 903 initio)
887 847 1063 890 seclusit.
1126 861 1199 902 ego
1229 848 1347 901 plane
1372 848 1496 890 aliam
1517 848 1626 890 viam

145 923 349 977 ingressus
379 932 487 971 sum,
519 932 639 973 quam
671 918 775 960 mihi
807 918 1051 973 comparatio
1083 918 1226 961 Dionis
1255 931 1349 961 cum
1378 918 1490 962 fonte
1520 920 1627 962 facta

141 992 351 1035 ostendere
388 990 613 1033 videbatur.
676 989 720 1031 in
751 989 920 1044 Sisypho
950 989 1060 1030 enim
1091 989 1270 1031 lusorum
1302 989 1531 1042 exemplum
1562 990 1626 1031 di-

142 1065 251 1105 serte
292 1060 558 1115 distinguitur
603 1072 627 1101 a
665 1059 889 1102 Callistrati
935 1059 1136 1112 exemplo,
1191 1059 1381 1113 quoniam
1427 1059 1532 1101 illud
1576 1058 1626 1102 ad

142 1133 332 1186 priorem,
363 1132 438 1173 hoc
468 1130 518 1172 ad
548 1130 809 1184 posteriorem
841 1129 1083 1171 consiliandi
1113 1129 1424 1183 explicationem
1445 1129 1625 1172 affertur.

139 1215 266 1257 quare
298 1200 524 1252 videamus,
565 1214 664 1243 num
702 1199 807 1254 apud
839 1200 1011 1243 Dionem
1051 1200 1150 1242 haec
1189 1200 1267 1242 duo
1298 1199 1480 1254 exempla
1509 1201 1626 1255 plane

140 1273 463 1322 confundantur,
504 1271 564 1313 ita
604 1273 652 1313 ut
681 1271 857 1313 alterum
887 1271 1015 1312 altero
1046 1271 1338 1324 comprobetur.
1402 1270 1496 1313 audi
1527 1283 1627 1325 quo-

146 1343 262 1385 modo
294 1343 371 1384 Dio
403 1342 593 1384 disserat:
624 1339 933 1395 ὑποτιθέμεθα
964 1342 1044 1397 γὰρ
1073 1338 1231 1383 εἰδέναι
1250 1339 1329 1395 μὲν
1350 1341 1461 1398 ἡμᾶς
1481 1344 1624 1398 Χαρι-

143 1412 250 1456 κλέα
282 1445 291 1454 .
314 1445 324 1454 .
348 1445 357 1454 .
389 1410 531 1462 οἰκίας
570 1411 717 1454 αὐτοῖν
735 1425 745 1434 ·
783 1412 842 1468 μὴ
882 1410 967 1466 ἄρα
1006 1418 1131 1454 τοῦτο
1170 1402 1200 1468 ᾗ
1240 1412 1289 1453 τὸ
1327 1412 1624 1465 βουλεύεσθαι,

140 1484 254 1525 ὥστε
285 1481 331 1533 ἐξ
361 1479 419 1523 ὧν
449 1479 625 1536 οἴδαμεν
657 1506 710 1511 -
741 1479 1067 1538 τεκμαίρεσθαι.
1128 1482 1203 1523 hoc
1239 1482 1350 1535 prius
1380 1482 1622 1535 exemplum.

142 1565 332 1606 compara
370 1566 470 1606 quae
509 1553 719 1594 secuntur:
765 1551 972 1608 καθάπερ
1004 1549 1044 1594 οὶ
1073 1550 1341 1608 ἀρτιάζοντες
1372 1584 1381 1593 .
1406 1584 1415 1593 .
1438 1584 1448 1593 .
1481 1551 1624 1609 ἀπηλ-

145 1623 346 1680 λάγησαν.
377 1623 435 1679 μὴ
454 1621 537 1678 ἄρα
569 1621 644 1665 καὶ
675 1622 725 1664 τὸ
746 1622 1030 1677 βουλεύεσθαι
1049 1628 1242 1664 τοιοῦτον
1262 1612 1302 1678 ᾖ,
1326 1622 1436 1664 ὥστε
1464 1619 1626 1664 εἰδέναι

143 1691 222 1746 μὲν
254 1725 263 1734 .
285 1725 295 1734 .
319 1725 328 1734 .
360 1694 491 1734 cetera
530 1693 596 1734 vix
632 1694 735 1745 sana]
766 1694 880 1743 sunt,
920 1692 1110 1746 quoniam
1148 1692 1228 1734 tale
1259 1691 1527 1735 anacoluthon
1558 1693 1625 1735 vix

143 1763 242 1804 ferri
273 1764 425 1816 potest,
466 1762 535 1804 sed
575 1762 623 1803 de
662 1762 863 1805 sententia
903 1762 1080 1804 dubitari
1120 1762 1274 1815 nequit.
1336 1774 1465 1803 nonne
1505 1763 1625 1815 plane

142 1832 251 1873 idem
297 1832 508 1873 verborum
555 1844 746 1882 conexus,
797 1844 928 1874 nonne
973 1833 1171 1874 Isocratea
1220 1831 1302 1873 fere
1348 1831 1623 1874 membrorum

139 1903 339 1944 concinna
370 1901 611 1955 dispositio?
669 1916 789 1957 quare
829 1916 901 1957 pro
945 1905 1053 1945 certo
1084 1903 1210 1945 habeo
1251 1915 1329 1944 non
1360 1903 1537 1944 alterum
1577 1915 1625 1944 ex

138 1971 270 2014 §altero
301 1972 481 2025 exemplo
511 1972 695 2025 pendere,
727 1972 794 2015 sed
827 1974 903 2015 duo
935 1973 1116 2027 exempla
1146 1985 1228 2015 esse
1250 1974 1415 2015 fortasse
1444 1973 1625 2016 eiusdem

144 2042 217 2092 rei,
248 2041 413 2084 fortasse
444 2044 579 2084 autem
613 2042 781 2085 duarum
813 2056 967 2093 rerum,
1007 2043 1195 2097 quoniam
1232 2043 1344 2084 aliud
1384 2045 1445 2085 est
1481 2056 1528 2085 ex
1558 2043 1625 2095 iis,

139 2124 244 2166 quae
289 2111 571 2165 cognovimus,
624 2113 717 2155 novi
767 2113 921 2167 aliquid
972 2113 1205 2155 concludere
1261 2110 1624 2168 (τεκμαίρεσθαι),

144 2181 255 2223 aliud
285 2180 445 2234 optione
476 2180 569 2223 data
599 2182 706 2225 inter
736 2182 835 2225 duas
864 2195 927 2225 res
964 2183 1051 2224 sine
1089 2182 1244 2225 ratione
1274 2182 1444 2224 alteram
1475 2183 1625 2237 eligere

145 2249 414 2304 (αὐτομάτως
445 2249 690 2306 ἐπιτυχεῖν).
752 2265 873 2307 quare
903 2252 1094 2302 restitue,
1124 2265 1224 2306 quae
1254 2252 1405 2295 tradita
1434 2256 1551 2304 suut,
1584 2255 1626 2296 et

145 2321 275 2363 insere
305 2320 331 2378 ἢ
361 2322 455 2362 ante
492 2321 700 2378 καθάπερ
741 2320 781 2365 οἱ
820 2322 1107 2379 ἀρτιάζοντες,
1147 2323 1206 2364 ita
1241 2324 1288 2364 ut
1329 2322 1406 2365 duo
1443 2324 1625 2377 exempla

141 2390 344 2433 eveniant.
725 2409 727 2411 >

234 2461 344 2513 Quae
383 2464 572 2505 secuntur
612 2464 635 2518 ἐ
675 2469 702 2507 4
742 2466 784 2507 et
824 2470 848 2507 5
887 2465 935 2506 de
976 2465 1123 2506 Arnim
1162 2464 1212 2506 ab
1251 2465 1328 2507 hoc
1366 2465 1454 2507 loco
1493 2466 1625 2508 aliena

145 2534 291 2575 censet.
353 2545 400 2574 ac
430 2533 606 2586 profecto
637 2547 716 2576 non
747 2535 1096 2589 intellegeremus,
1140 2534 1337 2588 quomodo
1378 2548 1471 2577 cum
1511 2537 1627 2578 ante-

145 2602 380 2646 cedentibus
409 2604 451 2645 et
481 2604 745 2657 sequentibus
775 2606 874 2648 haec
905 2605 1124 2659 disputatio
1156 2606 1385 2657 cohaereat,
1428 2607 1507 2649 nisi
1540 2607 1626 2649 eius

144 2674 297 2717 fontem
328 2675 575 2724 teneremuS‚
608 2675 768 2717 scilicet
798 2675 875 2718 Sis.
910 2681 994 2718 390
1017 2676 1195 2718 D--391
1222 2675 1264 2719 C.
1327 2689 1405 2731 quo
1436 2677 1522 2719 loco
1553 2677 1625 2719 So-

138 2747 272 2796 crates
301 2757 380 2788 nou
409 2757 522 2798 posse
551 2745 725 2788 alterum
764 2745 891 2788 altero
931 2746 1076 2789 melius
1115 2746 1319 2789 consiliari
1362 2747 1623 2796 demonstrat,

1291 2817 1343 2852 5*
