1772 2936
855 73 909 109 55

141 198 325 239 homines
354 197 553 245 umbram,
586 195 772 243 calorem,
802 194 932 248 frigus
962 194 1148 248 fugiunt3
1179 193 1288 235 idem
1319 194 1433 246 §21
1495 193 1519 246 ξ
1543 198 1620 235 15:

142 267 248 309 oculi
279 269 320 309 et
349 265 471 308 facies
492 265 703 306 hominum
726 264 856 306 tutela
886 276 965 306 non
997 263 1206 317 indigent3
1237 262 1345 304 idem
1364 263 1389 316 ἓ
1410 268 1480 305 28.
1543 261 1622 304 Dio

142 350 234 379 oum
255 336 302 378 ad
329 334 519 389 Diogenis
539 334 665 375 vitam
689 333 989 375 describendam
1021 333 1118 375 duas
1147 335 1282 386 partes
1313 332 1484 382 fecisset,
1517 332 1619 374 alte-

142 419 250 456 ram,
282 418 358 459 qua
389 404 610 457 Diogenem
644 403 795 457 optime
827 403 981 453 vivere,
1013 403 1201 452 alteram,
1233 415 1312 455 qua
1342 402 1492 444 bestias
1523 414 1617 443 eum

142 476 297 517 imitari
337 472 586 521 ostenderet,
617 472 746 514 facere
791 484 870 514 non
911 473 1058 526 potuit,
1089 472 1187 526 quin
1228 471 1276 513 de
1316 471 1459 514 iisdem
1501 471 1622 513 rebus

144 545 205 586 bis
235 544 479 596 loqueretur.
540 543 643 596 quod
674 555 766 585 sane
798 542 879 584 iam
908 542 1051 584 Dionis
1080 542 1234 584 auctori
1265 541 1442 583 accidere
1472 540 1619 595 potuit,

143 614 207 656 cui
225 613 374 655 Weber
404 612 444 653 id
477 612 640 654 crimini
672 611 763 661 dat;
793 612 860 654 sed
893 624 972 654 non
1004 614 1077 662 est,
1109 625 1180 653 cur
1200 611 1371 654 Dionem
1392 604 1620 653 sine'causa

143 683 263 724 unius
294 682 418 723 fontis
447 683 582 735 partes
610 682 846 724 immutasse
877 694 969 723 cum
1000 682 1045 723 Ε.
1064 681 1214 723 Weber
1245 692 1489 730 censeamus,
1519 692 1618 734 quo·

143 751 253 793 niam
284 764 403 805 supra
432 751 610 793 vidimus
632 752 803 793 Dionem
834 751 877 792 in
912 751 1008 793 mali
1030 751 1137 805 regis
1162 751 1340 805 imagine
1361 750 1619 804 exprimenda

143 821 422 875 Xenophontis
451 821 671 863 Hieronem
702 821 848 875 passim
881 822 1006 875 sequi.

232 891 362 943 Quam
384 892 539 945 partem
562 891 602 944 (ξ
624 892 816 939 35-59)
836 891 953 944 plane
976 890 1080 933 alius
1109 891 1268 945 generis
1288 904 1334 933 ac
1355 892 1505 933 ceteras
1535 902 1619 932 esse

144 975 190 1003 ex
221 974 266 1003 eo
298 962 442 1012 elucet,
474 961 578 1016 quod
608 962 652 1003 in
683 961 758 1003 hac
788 960 947 1003 nullum
979 963 1041 1003 est
1071 958 1153 1018 ἔφη
1184 961 1249 1003 vel
1279 958 1415 1016 ἔλεγεν
1444 960 1509 1003 vel
1538 959 1620 1003 alia

144 1031 499 1074 contaminationis
518 1031 701 1085 vestigia,
733 1030 811 1073 nisi
833 1032 937 1073 forte
957 1031 981 1084 ξ
1002 1037 1058 1073 40
1079 1031 1206 1081 affers,
1238 1031 1315 1084 qua
1344 1031 1395 1072 ab
1426 1030 1619 1079 oratione,

144 1103 192 1143 ut
220 1113 293 1143 nos
323 1100 514 1151 dicimus,
556 1100 719 1153 obliqua
758 1100 807 1142 ad
844 1102 995 1143 rectam
1029 1100 1105 1142 Dio
1145 1101 1303 1142 transit.
1365 1112 1414 1142 ne
1447 1099 1618 1142 Dionem

143 1171 423 1223 Xenophontis
443 1171 660 1212 Hieronem
686 1171 918 1224 excripsisse
939 1175 1079 1223 putes,
1101 1171 1275 1223 impedit
1294 1170 1412 1223 plane
1437 1171 1620 1212 mutatus

144 1240 436 1282 sententiarum
468 1239 585 1290 ordo;
626 1241 752 1282 immo
784 1252 805 1282 e
838 1241 1030 1282 memoria
1061 1240 1139 1282 Dio
1182 1252 1247 1282 eas
1277 1240 1432 1282 attulit.
1482 1241 1620 1281 tamen

143 1310 309 1352 fortasse
340 1310 383 1352 in
415 1323 459 1352 eo
490 1311 587 1353 licet
616 1323 807 1365 agnoscas
836 1310 958 1353 fontis
989 1311 1228 1365 vestigium,
1260 1310 1363 1365 quod
1395 1309 1472 1352 Dio
1504 1308 1620 1351 modo

146 1379 193 1421 de
232 1392 311 1421 uno
350 1393 442 1434 rege
475 1382 686 1423 Persarum
706 1382 756 1435 ¹),
797 1382 913 1422 modo
945 1380 992 1422 de
1022 1381 1204 1435 tyrannis
1234 1381 1424 1434 loquitur.
1485 1379 1621 1421 simile

147 1450 208 1490 est
228 1449 332 1502 apud
354 1450 675 1503 Xenophontem.
728 1450 899 1491 Dionem
931 1463 1057 1491 unum
1088 1450 1264 1491 aliumve
1295 1450 1426 1491 locum
1458 1448 1621 1490 aliunde

146 1517 324 1560 hausisse
369 1531 440 1571 per
485 1532 526 1560 se
566 1518 787 1561 verisimile
832 1522 893 1561 est
931 1522 973 1561 et
1012 1520 1291 1573 comprobatur
1331 1532 1364 1560 e.
1396 1531 1455 1572 gr.
1494 1519 1519 1572 ξ
1550 1524 1621 1568 55,

148 1599 226 1637 qua
247 1586 391 1628 Oecon.
412 1588 526 1637 XXI,
561 1593 612 1629 12
636 1588 817 1642 sequitur
835 1589 879 1642 2).
924 1600 1045 1641 quare
1076 1588 1276 1629 reicienda
1297 1590 1358 1630 est
1379 1587 1622 1629 Ferdinandi

149 1655 386 1698 Duemmler
417 1657 658 1708 coniectura,
689 1658 759 1713 qui
790 1658 834 1700 in
866 1658 1070 1713 Philologi
1102 1658 1179 1701 vol.
1212 1658 1316 1708 LIV,
1348 1672 1384 1713 p.
1410 1662 1492 1701 584
1526 1670 1618 1700 con-

146 1726 278 1767 tendit
311 1727 480 1768 Dionem
512 1741 533 1769 e
565 1728 761 1781 Diogene,
796 1729 1016 1782 Diogenem
1057 1742 1103 1770 ex
1135 1729 1393 1770 Antisthenis
1423 1728 1623 1770 Archelao

147 1795 346 1844 hausisse,
378 1796 516 1838 eodem
548 1798 658 1839 fonte
688 1800 824 1840 autem
856 1799 1163 1851 Xenophontem
1202 1799 1244 1840 in
1277 1798 1465 1851 Agesilao
1504 1810 1622 1839 usum

148 1876 253 1912 esse,
304 1864 500 1907 adductus
550 1854 707 1909 scilicet
743 1870 785 1909 et
831 1868 993 1909 Weberi
1041 1869 1268 1909 coniectura
1313 1869 1355 1908 et
1399 1879 1467 1916 eo,
1517 1866 1622 1920 quod

147 1932 370 1985 Xenophon
410 1934 452 1976 in
493 1936 683 1989 Agesilao
722 1938 764 1979 et
802 1936 845 1978 in
884 1937 1060 1979 Hierone
1103 1938 1193 1990 plus
1231 1950 1310 1979 uno
1349 1936 1435 1978 loco
1472 1936 1625 1978 similia

149 2001 261 2043 dicit.
375 2056 380 2061 ι

239 2072 322 2114 OR.
354 2073 404 2115 X.
463 2074 597 2116 Etiam
629 2076 726 2117 haec
757 2075 885 2118 oratio
915 2075 1030 2117 docet
1060 2075 1197 2118 eodem
1231 2077 1360 2126 mod0,
1392 2088 1471 2129 quo
1501 2078 1625 2126 sexta,

150 2141 321 2184 Dionem
343 2155 421 2184 non
453 2156 532 2186 uno
562 2145 672 2187 fonte
694 2145 832 2199 cynico
853 2156 968 2186 usum
991 2157 1086 2187 esse.
1138 2158 1231 2187 nam
1253 2148 1301 2187 ut
1322 2159 1400 2187 non
1422 2145 1554 2187 dicam
1577 2146 1626 2188 de

249 2304 283 2345 1)
307 2304 377 2338 Sub
403 2305 476 2339 eius
500 2307 637 2340 nomine
649 2306 884 2341 Domitianum
909 2307 1178 2351 intellegendum
1203 2318 1277 2341 esse
1301 2310 1420 2342 censet
1444 2308 1486 2343 de
1507 2308 1626 2344 Arnim

149 2361 185 2396 in
210 2362 320 2397 indice
346 2374 373 2398 s.
399 2375 428 2398 ν.
453 2363 684 2400 Domitianus.

243 2420 279 2461 2)
303 2420 348 2454 H.
362 2420 496 2456 Hobein
509 2422 568 2465 (de
581 2423 748 2458 Maximo
762 2424 873 2469 Tyrio
885 2423 967 2458 diss.
981 2424 1065 2469 phil.
1084 2422 1181 2458 Gott.
1196 2425 1303 2467 1895)
1327 2436 1360 2470 p.
1375 2425 1420 2460 93
1444 2427 1481 2460 et
1491 2424 1628 2471 Capeno

149 2477 173 2512 l.
192 2477 216 2512 l.
242 2489 275 2523 p.
294 2478 341 2512 48
365 2481 402 2513 et
426 2479 535 2515 addit.
571 2493 605 2526 p.
632 2482 676 2516 63
702 2482 929 2517 ostenderunt
945 2482 1132 2517 Maximum
1151 2482 1289 2526 Tyrium
1315 2483 1351 2518 in
1371 2483 1453 2518 diss.
1479 2484 1629 2519 XXXVI

150 2535 239 2569 hanc
273 2535 384 2580 ipsam
420 2537 541 2572 Dionis
578 2539 766 2574 orationem
802 2540 942 2581 imitari,
978 2551 1046 2574 non
1082 2541 1155 2574 eius
1192 2541 1332 2576 fontem.
1394 2544 1505 2584 recte,
1547 2553 1628 2577 nam

151 2592 321 2628 Maximus
351 2594 455 2629 etiam
485 2606 525 2629 ea
558 2599 657 2641 parte
691 2598 857 2632 orationis
895 2609 979 2632 usus
1014 2600 1087 2641 est,
1126 2609 1227 2643 quam
1260 2599 1327 2633 Dio
1360 2600 1434 2645 ipse
1467 2611 1486 2634 e
1517 2600 1628 2635 Xeno-

151 2651 279 2696 phonte
312 2651 440 2687 hausit.
491 2654 581 2698 quod
606 2665 682 2689 cum
716 2658 899 2701 appareat,
935 2656 1076 2700 longum
1108 2658 1163 2690 est
1195 2657 1341 2701 singulis
1372 2658 1459 2693 locis
1491 2658 1628 2694 demon-

152 2712 273 2746 strare.
1140 2709 1142 2711 ¹
