1772 2936
858 40 883 79 6

124 175 264 220 regem
296 163 504 207 beneficiis
532 163 706 218 gaudere
728 165 771 206 et
790 162 840 206 de
859 163 1053 219 Agesilao
1072 164 1184 219 (VII,
1209 172 1229 209 1
1245 182 1257 215 ς
1276 164 1352 216 ΙΧ,
1374 170 1421 216 73
1442 163 1514 213 XI,
1542 165 1615 220 14)

125 237 168 277 ot
219 235 270 278 de
314 235 415 290 Cyro
455 234 608 277 dicitur
639 233 797 290 (Cyl-op.
830 235 873 284 Ι,
906 240 946 282 6,
979 239 1054 288 243
1095 235 1217 286 VIII,
1250 242 1289 286 2,
1323 237 1408 286 12).
1470 234 1616 277 deinde
1656 279 1661 281 ,

124 304 177 347 ad
207 305 330 347 verba
358 302 406 348 ὃν
435 302 477 348 οἳ
508 303 587 359 μὲν
626 301 788 355 ἰδόντες
828 303 904 346 καὶ
943 304 1235 360 συγγενόμενοι
1276 304 1353 348 οὐκ
1391 304 1616 348 ἐθέλωσιν

125 373 379 435 α’πολιπεῖγ,
426 371 466 417 οἱ
507 373 556 417 δὲ
586 373 809 424 ἀκούοντες
840 372 1135 427 ἐπιθυμοῦσιν
1165 372 1273 417 ἰδεῖν
1303 375 1482 417 conferas
1512 386 1615 428 quae

126 444 355 488 Simonides
376 444 424 486 de
445 445 549 487 bono
579 457 672 499 rege
703 444 805 486 dicit
833 444 998 486 Hieron.
1022 444 1095 494 XI,
1121 451 1169 487 11
1197 446 1227 499 ¹)
1258 447 1300 487 et
1320 446 1394 496 111,
1416 450 1455 488 2.
1498 455 1616 487 nemo

125 515 222 557 talis
262 514 372 568 regis
411 515 606 557 inimicus
645 527 729 556 esse
761 513 872 556 vult:
912 515 971 555 sic
1003 514 1079 555 Dio
1111 514 1232 556 initio
1262 517 1289 567 ἓ
1322 522 1375 559 25
1409 518 1451 557 et
1481 516 1615 557 Xeno-

126 585 233 639 phon
265 584 407 640 Cyrop.
438 585 489 635 V,
523 592 562 635 3,
596 590 649 628 32
682 598 712 627 s.
746 584 774 626 f.
836 597 915 639 qua
945 583 993 626 de
1024 597 1067 626 re
1100 584 1177 626 Dio
1207 585 1327 638 paulo
1359 585 1487 629 fusius
1516 586 1616 641 agit.

126 668 205 697 non
226 656 389 697 afferam
418 655 469 697 ad
500 656 608 697 hunc
639 655 772 697 locum
795 657 925 697 certas
946 654 1227 708 Xenophontis
1257 656 1479 699 sententias
1505 668 1634 704 eom--

125 725 333 779 parandas,
366 726 434 767 sed
468 726 589 768 facile
620 726 880 780 intellegitur
919 727 1018 768 haec
1058 726 1177 779 plane
1218 726 1399 779 opposita
1438 739 1521 768 esse
1553 726 1617 775 iis,

127 807 230 849 quae
262 796 389 837 Hiero
429 795 478 838 de
518 808 560 838 se
602 795 706 838 dicit
745 795 788 837 in
829 796 960 849 prima
998 798 1111 850 parte
1144 795 1288 838 libelli.
1349 795 1493 837 deinde
1525 808 1618 839 cum

127 866 314 919 sequenti
355 867 555 915 sectione,
595 879 695 920 quae
734 868 795 907 est
835 866 883 907 de
920 867 1027 919 regis
1068 866 1332 919 simplicitate
1362 869 1403 908 et
1433 867 1618 916 veritate,

127 936 175 977 ut
206 935 337 978 Anab.
371 935 425 987 II,
450 942 488 987 6,
512 941 564 978 22
600 948 845 989 comparem,
877 936 1075 979 adductus
1105 949 1195 978 sum
1226 936 1438 979 verborum
1470 935 1619 989 simili·

127 1005 284 1047 tudine.
350 1018 443 1047 nam
483 1018 586 1059 quae
617 1006 685 1047 hic
716 1008 764 1047 ut
794 1007 891 1047 boni
927 1007 1034 1059 regis
1072 1007 1244 1048 virtutes
1284 1006 1519 1056 laudantur,
1559 1005 1619 1047 ibi

129 1074 251 1117 Meno
282 1075 397 1129 quasi
429 1076 549 1118 stulti
581 1076 837 1130 imperatoris
868 1076 1083 1130 vituperat.
1147 1076 1195 1118 de
1227 1076 1320 1131 Cyri
1356 1076 1619 1130 simplicitate

128 1145 220 1186 vide
261 1144 403 1199 Cyrop.
435 1147 476 1196 I,
518 1152 557 1195 4,
601 1153 638 1188 3.
700 1159 769 1187 rex
816 1146 935 1187 debet
982 1158 1065 1187 esse
1110 1145 1361 1202 φιλότιμος,
1404 1159 1524 1199 quam
1570 1145 1619 1187 ob

129 1215 325 1258 virtutem
357 1216 581 1270 Xenophon
613 1216 761 1270 Cyrum
793 1216 998 1270 praedicat
1019 1215 1158 1271 Cyrop.
1180 1217 1213 1266 Ι,
1237 1223 1275 1264 2,
1309 1224 1345 1258 1.
1408 1217 1456 1259 ad
1480 1216 1622 1273 Dionis

130 1286 251 1328 verba
296 1284 550 1343 φιλέταιρος
590 1285 637 1329 δὲ
676 1285 752 1329 καὶ
791 1284 1081 1344 φιλοπολίτης
1123 1287 1274 1329 Barner
1319 1285 1464 1329 attulit
1509 1298 1621 1328 com·

129 1357 266 1410 plures
298 1358 401 1398 Xen.
435 1357 555 1406 locos,
588 1357 658 1398 ubi
691 1357 835 1399 iisdem
868 1358 1080 1399 adiectivis
1110 1357 1281 1410 scriptor
1312 1357 1466 1405 utitur,
1499 1357 1620 1410 Ages.

128 1426 183 1476 II,
217 1432 284 1468 21.
327 1426 468 1481 Cyrop.
502 1426 623 1477 VIII,
658 1432 697 1476 3,
729 1431 783 1469 49
826 1429 867 1468 et
903 1427 1026 1481 Ages.
1058 1426 1150 1476 VII,
1184 1434 1220 1468 1.
1285 1426 1390 1468 nihil
1430 1425 1534 1467 dixit
1572 1425 1621 1467 de

129 1497 323 1539 vocabulo
364 1497 756 1554 φιλοστρατιώτης,
796 1497 900 1551 quod
944 1498 1167 1549 Xenophon
1186 1498 1219 1550 2)
1259 1496 1321 1538 bis
1361 1498 1401 1537 in
1443 1495 1622 1537 Anabasi

129 1569 299 1620 usurpat
344 1566 392 1608 de
433 1579 475 1609 se
514 1567 600 1621 ipso
640 1567 734 1617 VII,
767 1572 805 1616 6,
837 1573 864 1609 4
896 1568 938 1609 et
970 1572 1037 1610 39.
1102 1568 1143 1608 et
1190 1565 1266 1608 Dio
1311 1568 1353 1608 et
1398 1565 1622 1619 Xenophon

129 1638 363 1691 vituperant
392 1650 527 1691 regem
562 1638 625 1679 vel
657 1637 953 1690 imperatorem,
985 1650 1103 1691 quem
1136 1636 1340 1679 militibus
1370 1649 1457 1678 raro
1488 1636 1621 1678 videre

130 1707 274 1757 liceat,
322 1708 390 1750 hic
432 1709 553 1761 Ages.
589 1708 646 1749 IX
687 1710 730 1750 et
769 1708 909 1762 Cyrop.
944 1708 1043 1758 VII,
1079 1714 1117 1757 5,
1150 1713 1219 1757 46,
1264 1707 1334 1749 ille
1375 1708 1398 1761 ξ
1431 1713 1497 1749 28.
1561 1719 1621 1748 se—

129 1779 322 1832 quentia,
363 1781 410 1821 ut
449 1781 587 1833 postea
618 1779 865 1830 videbimus,
907 1779 1119 1821 Platonem
1161 1779 1335 1832 sapiunt.
1396 1777 1622 1820 amicitiam

129 1851 266 1891 autem
299 1862 505 1891 summum
544 1851 586 1891 et
623 1849 888 1891 utilissimum
921 1849 1072 1890 bonum
1104 1861 1187 1890 esse
1219 1848 1494 1902 compluribus
1523 1848 1624 1889 locis

130 1919 234 1973 apud
266 1920 575 1974 Xenophontem
617 1919 789 1973 legitur,
832 1932 952 1972 quam
995 1919 1237 1961 sententiam
1270 1919 1393 1960 etiam
1426 1919 1503 1960 Dio
1533 1918 1624 1971 plus

129 1989 258 2031 semel
288 1990 451 2042 profert.
514 2002 700 2043 compara
731 1989 861 2043 igitur
891 1989 992 2042 §30
1014 2002 1070 2043 sq.
1103 2001 1196 2030 cum
1218 1988 1498 2042 Xenophontis
1521 1987 1623 2029 Hie-

130 2072 214 2102 ron.
249 2060 323 2108 III,
357 2066 405 2109 33
436 2059 511 2108 III,
545 2065 583 2102 5.
616 2060 789 2113 Apomn.
822 2060 875 2108 II,
909 2065 947 2108 4,
985 2067 1020 2100 1.
1053 2058 1193 2113 Cyrop.
1217 2059 1306 2107 VII,
1332 2066 1369 2108 1,
1393 2063 1460 2101 38.
1523 2069 1624 2112 quae

132 2129 276 2171 deinde
307 2129 356 2170 de
387 2130 532 2171 amicis
564 2130 640 2172 Dio
681 2130 784 2171 dicit
821 2129 1012 2171 brevibus
1051 2129 1136 2170 illis
1177 2129 1398 2171 enuntiatis
1427 2141 1497 2182 per
1527 2140 1623 2170 ana-

130 2201 298 2254 phoram
341 2200 590 2249 coniunctis,
633 2200 827 2242 similiter
868 2199 978 2242 dicta
1008 2203 1102 2241 sunt
1132 2212 1156 2242 a
1186 2200 1452 2253 Xenophonte
1483 2197 1624 2252 Cyrop.

131 2270 164 2320 I,
198 2276 237 2320 6,
271 2276 339 2320 24,
386 2270 457 2312 11111
506 2270 645 2312 eodem
689 2270 806 2312 modo
845 2270 983 2312 brevia
1028 2271 1239 2312 enuntiata
1285 2271 1435 2312 extant.
1499 2267 1623 2310 etiam

132 2341 366 2395 sequentia,
407 2341 557 2394 quibus
595 2342 719 2382 amici
750 2343 1033 2394 comparantur
1064 2354 1156 2382 eum
1191 2341 1359 2382 totidem
1393 2339 1625 2393 corporibus

132 2413 174 2453 et
204 2411 353 2453 animis
383 2411 504 2453 unius
536 2411 724 2461 hominia,
757 2412 925 2453 redeunt
954 2411 1002 2453 ad
1026 2411 1347 2464 Xenophontem,
1379 2409 1446 2464 qui
1481 2409 1625 2452 iisdem

229 2531 263 2571 1)
290 2537 362 2569 πᾶς
396 2530 437 2564 δὲ
464 2531 484 2564 ὀ
508 2530 579 2577 μὲν
611 2530 737 2576 παρὼν
771 2530 968 2576 σύμμαχος
1002 2531 1047 2563 ἄν
1079 2532 1131 2572 εἴη
1165 2541 1240 2570 σοι,
1277 2530 1296 2562 ὁ
1327 2529 1368 2563 δὲ
1406 2527 1510 2562 ἀπὼν
1546 2527 1624 2560 ἐπι-

132 2592 272 2636 θυμοίη
298 2591 344 2623 ἂν
369 2589 464 2624 ἰδεῖν
489 2600 538 2623 σε.

228 2647 264 2691 2)
289 2647 341 2681 De
373 2646 438 2681 hoc
463 2646 626 2681 vocabulo
652 2646 740 2689 vidi,
774 2646 865 2691 quod
898 2646 986 2680 infra
1019 2646 1063 2679 de
1085 2645 1206 2680 Dionis
1240 2644 1374 2679 dicendi
1406 2653 1530 2687 genere
1555 2642 1625 2677 dixi

131 2717 164 2750 p.
191 2705 247 2740 44.
