1772 2936
850 48 905 86 14

122 168 282 226 ζημίαν
327 170 553 227 ἡγούμενος
597 168 737 227 φίλων
775 171 803 229 ἢ
837 171 1069 229 χρημάτων
1106 171 1424 229 στερίσκεσθαι.
1486 172 1611 215 amici

121 239 262 282 fideles
299 239 581 282 firmissimum
622 241 738 294 regni
775 241 1026 295 praesidium
1056 245 1175 286 sunt:
1222 244 1321 286 haee
1353 243 1428 285 Dio
1470 241 1610 284 eodem

124 309 215 352 loeo
245 313 288 352 et
317 310 543 363 Xenophon
565 309 706 365 Cyrop.
729 310 841 360 VIII,
865 317 905 361 7,
930 317 997 355 13.
1059 325 1177 355 nemo
1207 313 1428 356 amicorum
1459 312 1614 355 auxilio

124 379 381 434 supersedere
412 381 556 434 potest,
589 380 760 423 minime
791 392 884 423 vero
915 393 1006 423 rex:
1044 382 1104 425 ita
1132 382 1270 436 pergit
1302 383 1390 433 Dio,
1421 381 1612 425 similiter

123 450 348 505 Xenophon
380 450 540 505 (Cyrop.
573 450 691 500 VIII,
725 457 764 502 6,
798 453 893 506 12):
932 450 982 495 οὐ
1011 453 1092 508 γὰρ
1124 452 1175 495 ἂν
1205 451 1411 512 δυναίμην
1440 452 1522 509 ἐγὼ
1551 446 1615 504 εἷς

124 520 183 562 ὢν
227 518 485 578 ἀνθρωπίνῃ
530 519 659 579 ἀρετῇ
702 522 759 563 τὰ
803 521 980 564 πάντων
1024 522 1141 576 ὑμῶν
1179 522 1330 578 ἀγαθὰ
1375 520 1613 581 διασῴζειν,

123 590 234 633 ἀλλὰ
273 591 339 633 δεῖ
370 590 446 644 ἐμὲ
474 591 553 645 μὲν
584 591 754 646 ἀγαθὸν
783 590 885 634 ὄντα
917 593 992 634 σὺν
1023 591 1211 647 ἀγαθοῖς
1241 596 1334 644 τοῖς
1365 588 1474 651 παρ’
1509 594 1617 648 ἐμοῦ

122 661 223 714 ὑμῖν
244 658 474 717 ἐπίκουρον
494 655 616 704 εἶναι.
678 662 829 704 similis
859 675 1017 716 quoque
1048 663 1250 704 sententia
1277 666 1338 704 est
1359 665 1533 718 Apomn.
1556 665 1614 715 II,

124 738 166 782 4,
190 738 230 781 6,
261 731 309 773 de
331 744 410 786 qua
438 734 586 786 postea.
651 732 796 774 deinde
828 733 934 786 quod
969 733 1045 775 Dio
1067 733 1168 774 dicit
1190 733 1358 786 privatis
1379 728 1614 777 hominihus

122 801 235 856 leges
265 801 464 855 praesidio
495 815 592 851 esse,
625 814 704 844 non
725 803 901 857 regibus,
929 815 1116 858 compara
1135 816 1235 858 quae
1266 804 1384 858 paulo
1407 800 1534 847 'aliter
1564 805 1613 847 de

124 872 266 915 eadem
298 885 340 914 re
372 875 512 915 extant
535 873 699 915 Hieron.
720 873 792 923 IV,
815 879 841 916 4
864 886 922 927 sq.
963 886 1041 927 quo
1062 873 1153 928 quis
1185 875 1431 927 potentiores
1461 875 1613 917 amieos

123 955 216 985 snos
255 942 410 993 reddit,
460 956 506 985 eo
544 944 671 985 maior
710 943 837 997 ipsius
867 945 1044 997 potestas
1082 943 1153 986 fit:
1205 945 1264 986 sie
1305 945 1380 987 Dio
1419 945 1444 999 ἓ
1475 951 1529 988 89
1572 947 1618 987 et

123 1012 318 1055 similiter
365 1013 414 1055 de
460 1013 620 1055 divitiis
667 1013 899 1055 Simonides
943 1013 1049 1067 apud
1094 1014 1402 1067 Xenophontem
1446 1015 1615 1058 Hieroni

128 1083 203 1132 XI,
235 1088 300 1126 13.
362 1095 464 1138 quae
496 1083 602 1137 apud
625 1082 798 1125 Dionem
829 1088 1032 1132 secuntur,
1064 1083 1218 1126 similia
1248 1096 1327 1126 non
1358 1085 1540 1127 invenies
1569 1085 1611 1127 in

124 1153 406 1206 Xenophontis
445 1154 629 1206 seriptis,
677 1153 746 1195 sed
785 1153 1011 1195 amicitiam
1052 1154 1240 1195 omnibus
1284 1154 1457 1196 utilibus
1496 1155 1620 1197 rebus

125 1223 335 1265 utiliorem
366 1235 449 1265 esse
482 1223 584 1265 dicit
614 1224 789 1277 Apomn.
820 1224 874 1273 ΙΙ,
907 1230 947 1273 4,
981 1229 1019 1266 5.
1081 1223 1174 1266 inde
1205 1236 1230 1265 a
1259 1224 1283 1278 ξ
1316 1230 1370 1267 96
1408 1215 1615 1278 complura

124 1294 289 1346 sapiunt
310 1293 545 1344 Hieronem,
577 1307 611 1336 e.
632 1307 671 1348 g.
693 1302 778 1335 τῶν
798 1292 932 1349 ἡδέων
951 1293 1187 1336 ἀπολαύειν
1216 1326 1226 1335 .
1249 1326 1259 1335 .
1283 1326 1292 1335 .
1325 1291 1390 1336 ἔτι
1421 1294 1612 1351 λυπηρό-

123 1379 257 1420 τερον,
289 1361 328 1406 εῑ
358 1363 517 1420 δεήσειε
546 1365 760 1406 κοινωνεῖν
790 1366 882 1413 τοῖς
901 1363 961 1420 μὴ
982 1362 1233 1418 ἅγαπῶσινς
1281 1364 1448 1405 Hieron.
1470 1364 1541 1414 IV,
1567 1372 1587 1406 1
1602 1379 1617 1406 t

125 1431 238 1476 ποία
257 1432 338 1488 μὲν
358 1435 439 1490 γὰρ
459 1432 662 1477 συνουσία
682 1435 805 1490 ἡδεῖα
822 1433 919 1476 ἄνευ
941 1431 1130 1484 πίστεως
1149 1442 1226 1491 τῆς
1246 1434 1358 1489 πρὸς
1379 1433 1615 1491 ἅλλήλους;

125 1517 255 1559 neque
295 1504 482 1547 convivia
521 1504 609 1546 sine
648 1505 793 1546 amicis
822 1505 1030 1546 hominem
1061 1504 1260 1546 delectare
1289 1507 1458 1557 possunt
1487 1505 1615 1557 (idem

125 1575 292 1617 Hieron.
331 1574 396 1623 VI,
430 1577 489 1626 3),
536 1586 666 1627 neque
697 1586 809 1615 amor
839 1574 927 1615 sine
957 1573 1140 1618 amicitia
1170 1573 1419 1627 voluptatem
1448 1575 1620 1627 praebet,

124 1644 337 1699 (similiter
367 1644 535 1687 Hieron.
567 1645 600 1693 I,
634 1649 688 1687 29
721 1647 763 1686 et
791 1643 860 1693 VI,
897 1645 952 1697 1).
1015 1642 1181 1685 fortasse
1214 1643 1290 1684 Dio
1322 1644 1448 1685 etiam
1478 1645 1614 1687 Xeno-

124 1715 292 1769 phontis
323 1726 478 1757 memor
508 1714 612 1764 fuit,
644 1727 737 1756 cum
768 1713 983 1764 scriberet:
1015 1709 1054 1755 εὶ
1084 1712 1132 1755 δὲ
1162 1714 1428 1769 σκυθρωπὸν
1458 1712 1618 1771 ἐρημία

125 1784 203 1827 καὶ
249 1784 425 1826 πάντων
465 1784 771 1841 φοβερώτατον
817 1783 921 1833 mk,
968 1783 1017 1824 cf.
1060 1783 1226 1824 Hieron.
1261 1783 1329 1832 VI,
1363 1790 1388 1826 3
1430 1787 1472 1824 et
1503 1785 1616 1825 Ana-

125 1854 264 1898 baseos
294 1854 428 1897 locum
460 1854 514 1904 ΙΙ,
548 1859 587 1904 5,
622 1859 667 1895 9:
709 1860 800 1904 πᾶς
830 1852 878 1895 δὲ
908 1850 1031 1905 ὄχλος
1067 1851 1269 1909 φοβερός,
1311 1852 1620 1908 φοβερώτατον

126 1917 171 1967 δ’
195 1922 372 1982 ἐρημία,
414 1936 492 1979 quo
529 1923 617 1965 loeo
656 1923 760 1965 item
799 1922 847 1964 de
887 1922 1016 1964 amieo
1047 1922 1271 1975 Xenophon
1311 1922 1502 1976 loquitur.
1564 1922 1619 1965 ad

125 1997 257 2038 totam
288 1994 433 2037 deinde
473 1994 577 2036 hane
617 1993 810 2036 orationis
847 1995 1027 2047 partem,
1067 1992 1271 2045 imprimis
1301 1992 1325 2046 ἓ
1358 1998 1440 2035 103
1472 1992 1616 2034 referri

125 2068 294 2120 possunt
335 2064 476 2120 Cyrop.
507 2065 539 2114 I,
575 2071 612 2114 6,
646 2069 702 2106 24
742 2065 784 2105 et
814 2063 981 2105 Hieron.
1013 2062 1087 2112 ΙΙΙ,
1120 2068 1159 2111 2,
1202 2062 1279 2104 1οοί
1319 2063 1426 2104 inter
1464 2074 1528 2112 se,
1568 2064 1620 2105 ut.

126 2135 232 2190 apud
263 2135 576 2189 Xenophontem
606 2134 713 2176 hand
744 2146 879 2176 rarum
911 2135 985 2182 est,
1016 2132 1233 2174 simillimi.
1296 2132 1480 2186 sequitur
1503 2132 1621 2175 loeus

126 2219 150 2248 a
181 2205 325 2248 multis
356 2205 439 2247 iam
469 2206 632 2259 propter
662 2204 937 2246 imitationem
958 2202 1237 2257 Xenophontis
1258 2205 1619 2253 commemoratus,

126 2277 189 2318 est
208 2277 233 2330 ἓ
257 2281 503 2325 104-107,
534 2287 613 2330 quo
633 2274 810 2328 legimus
829 2274 980 2316 amieos
1010 2273 1196 2315 utiliores
1215 2285 1300 2314 esse
1320 2285 1442 2326 qnam
1467 2273 1618 2323 oculos,

127 2359 257 2397 aures,
289 2358 446 2396 manus,
478 2345 612 2400 pedes.
667 2345 808 2387 eadem
838 2357 901 2386 res
932 2344 1138 2386 invenitur
1168 2342 1273 2396 apud
1305 2342 1617 2396 Xenophontem

126 2418 302 2472 Apomn.
336 2417 399 2467 II,
441 2422 490 2467 3,
532 2422 585 2459 19
631 2415 699 2469 (cf.
737 2415 863 2457 etiam
895 2415 954 2464 ΙΙ,
986 2421 1034 2464 4,
1069 2415 1134 2468 3),
1180 2425 1302 2467 quem
1349 2413 1483 2456 locum
1531 2413 1617 2455 iam-

126 2489 247 2531 antea
267 2487 444 2531 vidimus
465 2486 637 2530 Dionem
659 2486 913 2541 aliquantum
931 2497 1151 2527 exornasse.
1203 2483 1272 2527 sed
1297 2483 1432 2526 taedet
1453 2482 1623 2537 singula,

95 2564 98 2566 ’
127 2557 280 2609 afferre,
312 2557 503 2612 quoniam
525 2557 668 2600 statim
690 2556 734 2598 in
755 2554 926 2611 legendo
957 2554 1186 2597 similitudo
1216 2555 1383 2609 apparet
1402 2555 1447 2608 ι).
1489 2551 1614 2595 etiam

225 2665 260 2707 1)
283 2662 377 2707 Quos
401 2663 535 2698 Barner
558 2663 737 2709 praeterea
773 2661 899 2696 attulit
935 2660 1027 2696 locos
1059 2659 1182 2706 Cyrop.
1207 2658 1314 2703 VIII,
1339 2659 1373 2702 2,
1400 2657 1464 2700 12;
1499 2657 1531 2700 6,
1558 2657 1621 2708 16,

128 2723 216 2758 nihil
240 2722 284 2757 ad
309 2733 392 2757 rem.
1314 2725 1317 2728 ·
