1772 2936
858 58 912 95 52

230 178 279 220 In
309 178 573 236 sequentibus
604 178 682 220 Dio
712 179 761 220 de
791 179 926 222 tribus
967 179 1083 222 bonis
1112 182 1155 221 et
1193 179 1327 222 tribus
1368 181 1487 223 malis
1525 181 1628 225 civi-

144 249 278 290 tatum
299 247 486 301 imperiis
506 248 700 302 loquitur.
744 251 860 291 sunt:
890 247 1104 303 βασιλεία,
1136 248 1459 306 ἀριστοκρατία,
1491 251 1625 310 δημο-

140 315 313 373 κρατία,
343 315 560 374 τυραννίς,
592 316 838 375 ὀλιγαρχία,
870 317 1141 376 ὀχλοκρατία.
1203 320 1317 362 cuius
1356 320 1415 362 rei
1455 322 1629 376 vestigia

139 387 223 430 iam
253 387 360 441 apud
391 389 546 430 veteres
576 388 852 439 inveniuntur,
887 391 993 443 apud
1014 390 1325 443 Xenophontem
1356 391 1530 444 Apomn.
1553 392 1627 442 IV,

141 463 180 507 6,
217 461 283 507 12,
314 457 509 500 similiter
537 458 643 512 apud
666 458 915 501 Herodotum
947 461 989 501 et
1017 460 1247 501 Isocratem.
1290 472 1369 513 qua
1390 462 1438 501 de
1470 474 1514 502 re
1540 462 1627 516 egit

140 526 274 569 Maass
310 528 353 569 in
392 527 566 570 Hermae
606 528 683 570 vol.
723 528 866 579 ΧΧΠ,
907 541 943 582 p.
980 534 1076 571 591.
1140 530 1215 572 hoc
1254 530 1340 572 loco
1377 532 1514 573 autem
1549 531 1626 573 Dio

138 597 336 651 respicere
368 597 529 640 videtur
558 598 728 640 Aristot.
753 597 875 641 Polit.
894 599 968 649 111,
1003 605 1113 642 1279
1131 612 1155 641 a
1175 600 1301 642 ³³——b
1323 601 1352 650 ⁰,
1385 601 1454 642 ubi
1485 601 1623 643 eadem

139 667 302 721 imperii
333 680 480 721 genera
510 667 655 710 iisdem
696 668 779 710 fere
817 669 1048 711 nominibus
1087 669 1320 711 afferuntur.
1382 671 1623 724 sequebatur

139 737 245 790 apud
284 737 456 778 Dionem
502 737 603 779 olim
649 738 776 779 stoica
816 738 889 779 illa
928 738 976 779 de
1014 738 1123 780 Iovis
1160 739 1391 780 nominibus
1430 739 1624 781 doctrina.

138 806 162 860 ἓ
195 812 367 850 51-57
402 819 539 849 rursus
560 807 736 849 maxime
756 808 1065 861 Xenophontem
1097 808 1271 861 sapiunt,
1305 808 1401 851 item
1437 814 1625 859 58÷61,

141 882 310 919 62-81
345 879 632 923 argumentum
665 877 922 919 Platonicum
955 877 1114 919 videtur
1153 890 1237 920 esse
1269 881 1456 920 ornatum
1488 890 1622 919 exem-

137 946 219 999 plis
266 959 314 987 ex
361 948 476 999 parte
522 947 684 1001 quidem
726 947 1040 1001 Xenophonteis.
1104 960 1206 1001 quae
1252 950 1442 989 secuntur
1492 949 1625 1000 partes

138 1029 264 1072 usqne
294 1016 345 1060 ad
377 1016 496 1060 finem
529 1018 703 1060 maxime
726 1017 1034 1071 Xenophontem
1067 1018 1294 1068 imitantur,
1327 1019 1385 1061 ita
1416 1021 1462 1060 ut
1494 1018 1541 1060 de
1572 1019 1626 1060 iis

137 1099 216 1128 non
248 1087 332 1128 iam
363 1099 463 1140 opus
493 1087 549 1128 sit
578 1087 704 1140 loqui.

228 1157 314 1199 ΟΒ.
347 1157 418 1199 VI.
482 1157 592 1198 Huic
622 1157 814 1206 orationi,
862 1158 927 1199 cui
958 1157 1106 1199 titulus
1137 1160 1198 1198 est
1228 1155 1431 1213 Διογένης
1467 1158 1492 1213 ἢ
1523 1158 1623 1213 περὶ

138 1224 386 1281 τυραννίδος
405 1226 540 1278 aptius
556 1226 724 1267 inscribi
746 1228 898 1279 potest:
932 1229 1214 1279 comparantur
1234 1227 1340 1266 inter
1361 1238 1402 1267 se
1423 1227 1624 1280 Diogenes

137 1297 180 1337 et
210 1296 425 1337 Persarum
456 1307 546 1343 rex,
579 1297 670 1335 uter
701 1295 855 1336 beatior
885 1295 951 1335 sit.
1013 1296 1094 1335 iam
1135 1307 1255 1347 supra
1284 1307 1322 1346 p.
1360 1301 1410 1335 17
1445 1295 1625 1336 vidimus

136 1364 259 1409 huius
308 1363 502 1408 orationis
552 1364 778 1419 complures
827 1367 960 1419 partes
1005 1364 1175 1407 discerni
1227 1377 1361 1417 posse,
1413 1365 1436 1418 ξ
1478 1372 1498 1407 1
1519 1390 1576 1395 ——
1595 1372 1618 1408 7

135 1436 357 1489 (Diogenes
386 1435 543 1475 iocatur
572 1446 614 1476 se
647 1435 794 1476 melius
825 1435 1008 1476 habitare
1040 1447 1161 1488 quam
1188 1434 1356 1488 regem),
1389 1439 1533 1478 8—20
1554 1434 1621 1489 (de

137 1505 332 1560 Diogenis
377 1504 463 1548 vita
508 1505 722 1559 iucunda),
772 1511 953 1547 11-34
995 1505 1231 1558 (bestiarum
1279 1504 1364 1546 vita
1403 1504 1621 1557 laudatur),

136 1579 309 1618 35—-59
342 1574 467 1628 (regis
497 1574 582 1616 vita
613 1574 838 1616 miserrima
869 1575 968 1628 est),
1011 1579 1180 1616 60-62
1223 1573 1441 1627 (Diogenes
1481 1573 1623 1616 beatus

135 1643 229 1700 est).
293 1644 380 1697 egit
411 1644 459 1685 de
490 1656 546 1685 or.
580 1644 635 1684 VI
668 1645 859 1685 Ernestus
877 1644 1025 1685 Weber
1056 1644 1082 1684 l.
1116 1643 1143 1684 l.
1176 1656 1212 1695 p.
1240 1647 1294 1684 85
1305 1643 1490 1695 sqq..sed
1520 1656 1618 1696 quo-

134 1713 247 1756 niam
277 1726 399 1755 unam
422 1713 616 1767 Diogenis
647 1713 847 1766 integram
879 1712 1080 1754 diatriben
1116 1712 1233 1754 Dioni
1264 1711 1422 1753 subesse
1454 1714 1620 1754 conten-

135 1783 209 1833 dit,
242 1795 290 1825 ex
320 1796 363 1825 re
384 1783 545 1825 videtur
566 1782 669 1824 mihi
701 1784 742 1824 et
772 1782 851 1836 ipsi
872 1795 960 1824 eam
982 1781 1237 1835 perlustrare,
1269 1781 1503 1835 praesertim
1527 1794 1619 1824 cum

133 1853 287 1896 Weber
307 1853 392 1907 ipse
414 1865 484 1895 nos
507 1855 681 1901 moneat,
715 1866 764 1894 ne
795 1855 947 1894 temere
972 1865 1017 1894 ea
1037 1864 1108 1906 pro
1129 1854 1238 1894 certo
1256 1851 1486 1902 habeamus,
1518 1865 1620 1906 quae

134 1923 330 1977 proferat,
362 1935 400 1976 p.
434 1929 511 1977 973
544 1923 673 1977 „quid
706 1923 833 1976 igitur
864 1924 952 1964 est?
1012 1922 1171 1964 videtur
1201 1922 1279 1963 Dio
1309 1921 1406 1963 duas
1445 1909 1621 1964 diversas

133 1993 428 2046 disputationes
458 1992 750 2034 contaminasse
762 1997 799 2032 “.

221 2063 285 2104 Ad
317 2062 492 2116 primam
524 2060 718 2104 orationis
756 2063 911 2115 partem
943 2060 1092 2103 Weber
1132 2060 1229 2102 duos
1261 2060 1472 2102 Plutarchi
1510 2060 1620 2103 locos

130 2132 288 2179 attulit,
319 2132 467 2185 quibus
486 2144 573 2172 rem
595 2131 709 2172 illam
731 2131 984 2172 notissimam
1006 2131 1129 2171 fuisse
1150 2130 1338 2171 ostendit.
1386 2141 1488 2182 quae
1518 2130 1615 2183 quin

131 2201 181 2243 ad
204 2201 430 2255 Diogenem
451 2200 585 2254 ipsum
612 2201 761 2250 redeat,
795 2200 948 2242 nemini
980 2199 1149 2241 dubium
1181 2211 1265 2241 esse
1296 2200 1441 2252 potest,
1472 2211 1617 2252 quam-

131 2283 254 2323 quam
276 2271 355 2311 Dio
381 2270 467 2323 ipse
498 2282 545 2311 ex
575 2282 686 2310 more
717 2282 789 2311 suo
819 2269 904 2310 suis
933 2269 1068 2310 verbis
1098 2281 1183 2309 rem
1215 2280 1420 2310 exornasse
1451 2280 1616 2310 censen-

130 2339 206 2383 dus
235 2341 309 2383 est.

219 2410 243 2462 g
276 2415 299 2451 7
333 2409 461 2450 totius
492 2408 686 2450 orationis
722 2409 1008 2462 argumentum
1048 2407 1250 2456 continet,
1291 2419 1384 2448 cum
1416 2407 1618 2461 Diogenes

129 2491 172 2521 se
203 2491 298 2533 rege
336 2478 558 2521 beatiorem
597 2490 681 2521 esse
722 2477 841 2520 dicat.
903 2477 1100 2519 nimirum
1140 2477 1264 2519 etiam
1305 2477 1380 2519 hoc
1421 2476 1617 2535 Diogenis

130 2549 258 2602 ipsius
289 2551 371 2598 est,
413 2548 462 2589 ad
504 2548 611 2590 locos
640 2561 664 2589 a
695 2548 867 2589 Webero
898 2560 937 2600 p.
970 2552 1023 2590 87
1065 2547 1209 2588 allatos
1247 2547 1403 2588 accedit
1432 2545 1612 2588 Ciceron.

128 2611 293 2672 Tuscul.
327 2617 377 2668 V,
410 2623 479 2667 32,
514 2624 581 2668 92,
613 2629 692 2671 quo
724 2617 810 2659 loco
832 2616 992 2670 Capelle
1023 2629 1061 2670 p.
1083 2622 1137 2659 47
1171 2616 1253 2658 iam
1275 2615 1479 2658 Ciceronis
1509 2613 1614 2655 fonti

130 2687 330 2730 eiusmodi
372 2687 568 2742 Diogenis
608 2686 803 2729 diatribas
842 2688 957 2728 notas
997 2685 1119 2728 fuisse
1159 2685 1348 2728 ostendit.
1411 2694 1540 2735 neque
1578 2683 1615 2724 si
