1772 2936
855 41 909 79 38

132 165 240 220 qnod
266 165 386 220 longe
416 164 587 219 plurimi
617 165 764 208 horum
792 166 973 208 locorum
1003 165 1092 208 eius
1111 164 1270 220 generis
1290 167 1397 215 sunt,
1428 166 1476 207 ut
1495 164 1619 207 etiam

133 235 240 291 apud
270 235 583 289 Xenophontem
616 235 681 278 vel
701 235 919 279 Platonem
949 235 1104 279 similia
1133 234 1404 278 inveniantur.
1465 235 1623 278 accedit

132 308 270 348 autem
300 305 426 348 aliud.
489 306 597 348 inter
627 318 767 348 omnes
795 306 1033 360 scriptores,
1072 306 1144 360 qui
1183 305 1231 347 de
1270 304 1374 348 bono
1414 305 1479 348 vel
1515 305 1621 348 malo

132 387 227 432 rege
282 378 476 431 egerunt,
528 376 780 419 necessitudo
824 376 1019 431 quaedam
1070 376 1198 427 inest,
1248 388 1350 430 quae
1401 376 1623 418 necessaria

132 449 194 490 est
225 446 333 490 inter
364 446 544 490 eiusdem
576 446 808 501 argumenti
838 446 1000 501 scripta.
1063 447 1144 490 iam
1166 460 1287 502 supra
1317 446 1492 490 vidimus
1521 459 1622 490 non-

133 517 262 559 nullis
302 517 404 560 locis
443 517 617 559 discerni
657 529 735 559 non
775 530 909 570 posse,
952 519 1090 559 utrum
1122 517 1201 559 Dio
1231 517 1541 572 Xenophontem
1570 529 1622 559 an

133 587 347 631 Platonem
370 587 570 638 imitetur,
601 599 732 642 neque
752 586 907 637 dubito,
939 586 1039 641 quin
1060 587 1166 630 haud
1188 587 1329 641 paucis
1348 587 1449 630 locis
1469 588 1623 631 Dionea

132 670 205 712 pro
234 658 380 700 alienis
411 657 721 700 vendiderimus.
783 658 834 699 cf.
867 658 993 700 etiam
1023 670 1124 712 quae
1145 658 1299 699 Barner
1329 658 1449 701 initio
1477 658 1623 701 disser-

133 729 303 771 tationis
347 729 398 770 ad
444 729 548 770 hanc
586 741 670 770 rem
718 729 871 770 attulit.
933 729 1040 770 siout
1079 729 1186 770 inter
1225 729 1535 781 Xenophontem
1581 730 1624 770 et

136 799 363 850 Platonem,
395 798 520 841 etiam
552 798 660 842 inter
680 798 992 853 Xenophontem
1016 802 1057 841 et
1076 799 1296 841 Isocratem
1317 798 1449 841 multa
1469 798 1623 841 similia

134 869 366 911 invenimus
396 869 675 923 (consentiunt
704 869 879 923 exempli
910 870 1044 924 gratia
1074 881 1167 912 cum
1197 868 1502 923 Xenophonteis
1531 881 1623 911 sen-

134 939 278 982 tentiis
306 938 497 982 Isocratis
526 940 560 990 I,
584 945 652 987 24,
686 946 740 995 26
777 939 849 990 bis,
883 945 936 983 27
959 952 1017 994 sq.
1048 939 1103 990 H,
1126 946 1166 991 5,
1191 945 1259 991 10,
1281 945 1336 983 22
1358 941 1390 994 ¹)
1422 938 1623 993 multique

134 1009 209 1051 alii
229 1009 340 1064 loci).
401 1010 461 1052 sic
482 1010 608 1052 etiam
640 1010 748 1053 inter
768 1010 1035 1054 Aristotelem
1066 1010 1172 1066 (dico
1196 1011 1397 1053 Politicon
1425 1010 1621 1053 ultimum

132 1079 306 1134 librum)
337 1082 380 1121 et
409 1080 599 1123 Isocratis
629 1080 866 1123 Nicocleam
885 1082 931 1136 2).
994 1093 1073 1123 non
1101 1081 1238 1123 minus
1269 1081 1528 1124 consentiunt
1556 1080 1622 1122 in-

134 1149 297 1193 terdum
328 1150 574 1194 Aristoteles
605 1154 647 1193 et
677 1152 925 1206 Xenophon,
957 1152 1132 1194 maxime
1163 1152 1287 1194 Polit.
1320 1165 1414 1194 cum
1446 1151 1622 1193 Hierone

133 1220 206 1276 (cf.
228 1220 400 1263 Aristot.
427 1226 535 1263 1311
561 1222 642 1271 εἵς
673 1222 762 1274 a'23
793 1222 881 1273 a¹⁶;
917 1227 1029 1265 1313
1053 1222 1146 1272 b³⁰3
1180 1227 1293 1265 1314
1314 1222 1385 1277 a⁵3
1417 1223 1503 1273 a¹⁸;
1533 1221 1623 1276 b⁴⁰;

138 1297 251 1335 1315
273 1291 350 1345 a7).
432 1291 515 1334 alia
562 1293 745 1345 exempla
799 1293 944 1334 attulit
991 1293 1090 1334 Keil
1128 1306 1167 1346 p.
1209 1298 1293 1335 373
1315 1294 1354 1341 ²,
1411 1293 1483 1345 qui
1528 1292 1623 1333 inde

133 1361 362 1415 suspicatur
408 1360 675 1404 Aristotelem
715 1374 737 1403 e
783 1361 1050 1416 Xenophonte
1100 1361 1285 1416 pendere.
1346 1361 1415 1404 sed
1461 1374 1509 1404 ex
1558 1361 1623 1404 his

134 1431 323 1474 omnibus
343 1432 525 1474 constare
546 1431 708 1474 videtur
728 1432 859 1474 multa
879 1445 903 1474 a
924 1432 1078 1474 duobus
1105 1432 1168 1474 vel
1197 1432 1330 1474 tribus
1359 1432 1624 1486 scriptoribus

133 1501 244 1545 dicta
282 1514 390 1552 esse,
430 1502 491 1544 ita
527 1503 574 1544 ut
604 1503 778 1545 alterum
810 1515 858 1545 ex
888 1502 1016 1545 altero
1046 1502 1224 1546 hausisse
1255 1515 1334 1545 non
1372 1502 1493 1546 dicas.
1554 1502 1623 1546 sed

133 1572 217 1614 iam
249 1573 347 1615 satis
379 1572 427 1615 de
458 1573 534 1615 hac
564 1585 607 1615 re
638 1573 794 1615 dictum
826 1575 907 1624 est,
949 1576 990 1616 et
1026 1586 1269 1628 quamquam
1308 1573 1426 1627 plane
1465 1576 1622 1616 certum

133 1642 334 1686 iudicium
367 1642 415 1686 de
446 1643 624 1694 ratione,
664 1656 766 1698 quae
807 1643 917 1686 inter
948 1643 1121 1687 Dionem
1163 1646 1204 1687 et
1238 1644 1455 1687 Isocratem
1494 1645 1622 1688 inter-

134 1713 271 1763 cedat,
311 1726 388 1755 non
419 1713 572 1764 feram,
604 1716 741 1756 tamen
773 1726 921 1769 magna
950 1714 1194 1757 auctoritate
1227 1715 1335 1757 hunc
1364 1714 1471 1769 apud
1502 1714 1622 1758 illum

135 1783 260 1826 fuisse
302 1797 432 1837 neque
464 1797 512 1826 ex
543 1785 609 1826 his
639 1785 833 1826 credibile
874 1787 935 1827 est
975 1798 1105 1838 neque
1144 1787 1244 1838 puto
1285 1788 1472 1827 accurata
1512 1798 1622 1827 com-

134 1853 343 1907 paratione
374 1853 696 1897 demonstratum
726 1853 791 1896 iri.

252 2030 294 2063 e.
347 2016 533 2062 VARIA
583 2018 662 2062 ΕΤ
708 2017 1031 2063 ADESPOTA.
1102 2020 1269 2061 Praeter
1322 2019 1534 2061 Platonem
1581 2020 1623 2061 et
1660 2017 1663 2020 ’

135 2089 453 2131 Demosthenem
504 2089 582 2131 Dio
636 2089 761 2132 etiam
815 2089 989 2131 aliorum
1041 2089 1282 2143 scriptorum
1333 2089 1443 2131 dicta
1488 2088 1622 2131 nomi-

134 2161 264 2202 natim
296 2160 435 2210 affert,
467 2161 629 2211 Bionis,
668 2161 756 2203 scil.
794 2160 1114 2215 Borysthenitae,
1160 2173 1216 2202 or.
1249 2161 1404 2209 LXVI,
1438 2166 1514 2202 26:
1559 2168 1621 2216 τῷ

231 2360 266 2401 1)
291 2358 391 2402 Quod
422 2358 547 2394 Kaibel
579 2359 614 2394 in
648 2358 797 2394 Hermae
822 2359 876 2394 vol
901 2359 1010 2402 XXV,
1043 2371 1077 2405 p.
1102 2359 1169 2396 581
1185 2370 1260 2405 sqq.
1291 2358 1554 2404 Xenophontem
1578 2359 1621 2393 ab

131 2417 285 2452 Isocrate
309 2418 458 2463 pendere
482 2418 662 2453 contendit
685 2419 735 2462 (et
760 2418 935 2464 persuasit
967 2418 1051 2452 mihi
1082 2418 1135 2453 vir
1159 2417 1312 2461 doctus),
1347 2418 1464 2452 tamen
1487 2416 1553 2452 hoc
1576 2415 1622 2451 ad

132 2479 289 2512 nostram
315 2477 554 2523 quaestionem
578 2470 647 2513 non
672 2477 765 2521 facit,
790 2489 870 2512 nam
895 2479 988 2512 certe
1012 2477 1118 2512 etiam
1134 2477 1228 2512 inter
1245 2477 1433 2512 Isocratem
1452 2479 1489 2511 et
1506 2476 1623 2511 Plato-

133 2546 211 2569 nem
236 2536 323 2570 talia
346 2535 509 2571 invenies.

228 2594 264 2637 2)
290 2593 403 2638 Quare
422 2594 501 2631 Keil
535 2595 571 2630 in
602 2595 720 2630 libello
745 2607 851 2641 supra
874 2596 1139 2630 commemorato
1158 2594 1354 2630 Nicocleam
1373 2605 1414 2628 ex
1431 2591 1622 2628 Aristotele

134 2653 382 2698 interpolatam
408 2665 484 2688 esse
509 2654 655 2696 censuit,
682 2664 783 2698 quarn
810 2654 1019 2688 sententiam
1043 2663 1154 2698 nuper
1177 2652 1345 2687 refutavit
1369 2651 1406 2686 C.
1425 2649 1622 2693 Mlinscher,

134 2711 263 2747 sodalis
287 2723 396 2757 meus,
420 2712 458 2748 in
483 2712 739 2756 dissertatione,
765 2712 820 2747 cui
845 2712 1048 2748 inscribitur
1073 2711 1298 2758 quaestiones
1323 2710 1540 2746 Isocrateae.
