1772 2936
830 57 883 94 15

124 187 148 240 g
196 191 271 228 109
319 184 426 237 sapit
470 181 803 234 Xenophontem,
855 191 947 221 113111
999 191 1136 233 regem
1181 179 1403 220 amicorum
1450 177 1614 219 divitiis

125 258 258 310 ipsum
291 254 463 295 divitem
495 249 584 291 fieri
614 250 836 303 Xenophon
868 249 969 307 dicit
999 249 1165 291 Hieron.
1197 249 1229 298 Ι,
1263 254 1330 296 13,
1371 248 1457 290 1000
1487 259 1614 301 supra

124 325 249 368 allato
279 325 322 364 et
350 321 492 374 cyrop.
523 319 637 369 VIII,
670 324 709 369 2,
744 325 810 362 19.
873 319 1116 372 compluries
1153 318 1376 371 Xenophon
1417 317 1466 359 de
1505 317 1612 372 Cyro

126 394 248 442 dicit,
296 389 401 445 quod
443 390 518 432 Dio
549 389 573 443 ἐ
605 395 711 432 110:
758 388 782 431 ὁ
821 387 962 432 τοίνυν
1005 390 1099 439 τοῖς
1144 385 1289 445 φίλοις
1331 386 1607 444 χαριζόμενος

124 464 271 522 ἥδεται
312 462 404 514 ἅμα
443 459 521 514 μὲν
560 460 618 509 ὡς
658 459 821 511 διδοὺς,
867 460 958 513 ἅμα
999 457 1047 502 δὲ
1085 458 1144 509 ὡς
1183 457 1312 508 αὐτὸς
1341 456 1604 515 κεκτημένος.

125 535 251 589 Cyrus
292 531 422 585 magis
462 530 685 572 delectatur
726 529 820 572 aliis
860 529 962 572 dona
1002 530 1184 572 tribuens
1214 542 1335 584 quam
1375 529 1462 583 ipse
1501 529 1612 571 acci-

125 604 249 656 piens.
312 601 469 655 (Cyrop.
514 601 561 650 V,
613 609 649 649 1,
691 605 772 648 283
823 600 944 649 VIII,
987 606 1027 649 4,
1068 606 1143 652 313
1189 600 1253 649 II,
1299 605 1338 648 3,
1387 600 1474 652 12.)
1548 598 1607 640 810

125 673 247 714 etiam
280 673 406 713 bonus
436 684 503 712 rex
543 670 712 724 gaudet,
760 670 864 724 quod
900 670 1044 712 amicis
1075 669 1177 711 dona
1220 671 1313 711 dare
1345 671 1479 723 potest
1509 668 1613 720 (Dio

124 743 148 796 g
182 744 295 796 110).
356 742 521 783 eandem
564 741 759 783 virtutem
799 741 1021 794 Xenophon
1058 740 1196 782 laudat
1235 741 1278 782 in
1310 739 1411 794 Cyro
1453 739 1611 780 minore-

125 812 273 863 (Α11.Ι,
297 817 335 861 9,
360 818 413 853 211
436 812 548 866 8(1(1).
603 823 737 865 regem
770 823 849 853 non
880 811 964 852 otio
994 811 1061 853 sed
1094 811 1254 864 negotio
1285 810 1392 851 cives
1422 821 1608 863 superare

126 884 208 925 iam
230 895 349 936 supra
369 882 610 931 invenimus,
642 882 701 923 ita
732 882 778 923 ut
809 894 915 922 nunc
944 893 1043 934 opus
1063 893 1140 923 non
1163 881 1218 922 sit
1238 881 1345 922 locos
1365 879 1613 933 Xenophon-v

126 955 212 995 teos
237 953 390 994 afferre.
454 951 637 993 amicitia
668 964 759 993 eum
791 953 947 1005 praeter
977 953 1129 993 ceteros
1163 950 1303 993 florere
1333 963 1477 1005 cupere
1507 950 1610 992 dicit

128 1024 204 1064 Dio
234 1024 258 1076 ξ
293 1030 389 1070 111,
429 1033 601 1074 (10000111
632 1033 817 1074 compara
847 1021 1011 1062 Hieron.
1045 1021 1157 1070 VIII,
1193 1028 1237 1062 1:
1279 1015 1337 1070 ὡς
1376 1020 1426 1062 τὸ
1466 1019 1613 1075 ἄρχειν

127 1091 248 1135 οὐδὲν
278 1091 522 1134 ἀποκωλύει
552 1097 628 1133 τοῦ
657 1091 901 1147 φιλεῖσθαι,
933 1090 1042 1132 ἀλλὰ
1073 1089 1148 1133 καὶ
1179 1090 1427 1133 πλεονεκτεῖ
1457 1105 1502 1145 γε
1531 1097 1613 1146 τῆς·

74 1186 77 1188 -
127 1159 356 1211 ἰδιωτείας.
418 1161 517 1202 3(1(10
549 1161 695 1210 etiam,
741 1173 841 1215 quae
872 1161 919 1201 de
951 1160 1051 1215 Cyro
1085 1160 1238 1202 minore
1279 1160 1379 1202 dicit
1409 1161 1540 1202 Anah.
1573 1161 1606 1210 I,

129 1239 167 1282 9,
202 1238 269 1274 20.
332 1244 401 1272 rex
431 1231 560 1273 bonus
590 1231 682 1272 deos
712 1231 791 1273 sibi
822 1230 973 1272 amicos
1002 1231 1135 1272 reddit
1174 1231 1214 1285 (ἓ
1248 1231 1371 1285 115);
1417 1230 1526 1272 idem
1559 1230 1614 1272 de-

127 1302 318 1355 Agesilao
358 1303 495 1343 narrat
533 1301 755 1353 Xenophon
795 1301 868 1350 XI,
903 1307 923 1342 1
968 1301 1033 1354 (cf.
1076 1300 1200 1342 etiam
1241 1300 1380 1355 Cyrop,
1411 1301 1443 1350 I,
1477 1307 1515 1348 6,
1548 1302 1604 1353 4).

129 1371 233 1424 quod
266 1371 342 1412 Dio
373 1371 510 1424 pergit
540 1371 693 1412 malum
725 1383 862 1423 regem
892 1370 1037 1412 amicis
1066 1383 1200 1412 carere
1232 1373 1273 1411 et
1304 1370 1419 1412 bonis
1450 1370 1615 1412 civibus

128 1441 217 1483 odio
248 1452 346 1490 esse,
372 1452 590 1493 >componas
620 1453 711 1481 cum
744 1440 910 1481 Hieron.
933 1452 1017 1493 cap.
1035 1439 1083 1481 V.
1115 1452 1217 1492 quae
1250 1439 1393 1482 deinde
1424 1440 1607 1494 sequitur

127 1511 328 1553 sententia
377 1510 425 1551 de
476 1510 582 1563 regis
634 1511 845 1551 Persarum
898 1510 1012 1551 oculo
1062 1513 1170 1551 certe
1222 1522 1298 1551 non
1361 1512 1422 1552 est
1471 1511 1607 1552 Xeno-

128 1581 323 1634 phontea,
375 1580 471 1633 quia
514 1579 665 1632 ubique
712 1579 938 1632 complures
983 1592 1066 1621 esse
1114 1580 1221 1633 regis
1265 1580 1400 1621 oculos
1439 1579 1542 1621 dicit
1560 1581 1606 1632 ¹).

127 1651 176 1692 cf.
208 1650 348 1704 Cyrop.
383 1649 504 1700 VIII,
538 1656 576 1699 2,
611 1657 677 1692 12.
740 1651 901 1702 cognati
948 1651 988 1691 et
1033 1649 1172 1691 affines
1217 1650 1324 1703 regis
1368 1650 1610 1692 amicissimi

127 1716 267 1770 sunto,
307 1719 495 1774 quoniam
533 1719 736 1761 artissimo
767 1719 927 1761 vinculo
957 1732 1051 1761 cum
1081 1719 1134 1761 iis
1162 1719 1399 1762 coniunctus
1429 1722 1511 1762 est:
1548 1719 1614 1762 sic

130 1791 205 1831 Dio
225 1790 249 1842 ξ
275 1795 356 1832 120
378 1802 421 1837 8.,
453 1790 645 1831 similiter
666 1790 890 1842 Xenophon
911 1788 1053 1843 Cyrop.
1075 1789 1187 1839 VIII,
1211 1796 1250 1838 7,
1277 1796 1328 1832 19
1361 1793 1403 1831 et
1432 1790 1606 1843 Apomn.

128 1860 180 1906 ΙΙ,
214 1865 253 1908 3,
285 1864 325 1900 4.
385 1860 476 1911 post
507 1859 604 1900 11300
636 1858 713 1900 Dio
742 1858 792 1900 ad
822 1870 1001 1900 amorem
1031 1859 1249 1912 coniugum
1279 1859 1448 1909 transit,
1487 1871 1611 1912 quam

128 1931 283 1982 partem
316 1927 509 1969 orationis
540 1928 816 1981 imperfectam
850 1940 934 1970 esse
963 1930 1076 1981 puto.
1136 1941 1236 1983 quae
1268 1930 1426 1978 extant,
1465 1941 1609 1982 (103111-

129 2011 245 2054 quam
278 1997 515 2040 brevissima
545 2000 652 2048 sunt,
685 2000 911 2052 congruunt
940 1998 1094 2052 optime
1124 2011 1215 2041 cum
1247 1997 1311 2049 iis,
1342 2011 1443 2053 quae
1472 1997 1614 2041 Xeno-

128 2069 235 2123 phon
273 2069 315 2110 in
355 2067 620 2110 000011οω100
658 2068 964 2110 Ischomachum
1003 2067 1052 2110 de
1091 2081 1132 2111 80
1170 2080 1317 2123 suaque
1347 2069 1516 2123 coniuge
1547 2069 1611 2110 di-

129 2141 287 2181 centem
307 2138 438 2192 fingit.
501 2150 687 2191 compara
706 2139 919 2192 praecipue
940 2151 1025 2192 cap.
1046 2138 1124 2180 VII
1145 2139 1266 2180 11111118
1285 2138 1429 2181 libelli.
1483 2137 1612 2180 etiam

128 2208 311 2263 sequenti
353 2207 461 2262 parti
506 2207 612 2249 haud
658 2221 748 2250 rara
788 2208 1067 2261 Xenophontis
1105 2208 1278 2263 vestigia
1313 2207 1465 2251 insunt.
1525 2207 1610 2249 iam

129 2279 238 2321 enim
269 2278 436 2320 initium
468 2278 656 2332 congruit
685 2291 779 2320 cum
801 2278 941 2333 Cyrop.
962 2278 1051 2328 VII,
1074 2284 1113 2329 5,
1133 2284 1201 2328 74,
1233 2290 1311 2332 quo
1341 2279 1428 2320 loco
1458 2277 1610 2320 dicitur

130 2350 178 2391 de
208 2355 261 2406 τῇ
290 2356 376 2391 τῶν
406 2357 550 2390 κακῶν
579 2348 826 2405 ἀνθρώπων
855 2346 1118 2406 ἡδυπαθείᾳ,
1150 2346 1199 2391 οἳ
1224 2346 1443 2402 νομίζουσι
1463 2348 1513 2390 τὸ
1531 2345 1615 2401 μὲν

129 2421 275 2461 πονεῖν
305 2417 568 2475 ἀθλιότητα,
610 2419 660 2461 τὸ
702 2418 750 2462 δὲ
780 2418 952 2470 ἀπόνως
987 2418 1193 2474 βιοτεύειν
1223 2418 1507 2476 ἡδυπάθειαν.
1568 2418 1616 2459 et

130 2489 234 2545 quod
265 2488 341 2530 Dio
370 2489 505 2543 pergit
535 2489 739 2532 laboribus
768 2489 996 2544 voluptates
1026 2489 1184 2544 augeri,
1224 2489 1333 2531 idem
1364 2489 1475 2543 legas
1503 2487 1610 2542 apud

229 2666 264 2709 1)
288 2664 388 2700 Hanc
412 2663 620 2699 sententiam
644 2675 755 2711 neque
778 2665 1017 2711 Xenophontis
1042 2666 1213 2701 sectatore
1237 2664 1377 2710 dignam
1401 2674 1476 2699 esse
1499 2674 1615 2709 neque

132 2735 194 2758 suo
217 2724 291 2759 loco
314 2725 433 2769 aptam
457 2725 611 2768 apparet.
659 2723 737 2758 vido
761 2735 849 2768 quae
873 2724 910 2758 in
934 2734 1079 2758 excursu
1103 2723 1184 2758 dixi.
