1772 2936
844 74 899 112 19

132 197 215 241 cibi
246 199 288 241 et
316 197 404 242 vini
433 209 503 240 rex
532 196 854 251 praegustatores
885 196 1030 248 habet,
1070 209 1120 239 ne
1150 209 1301 240 veneno
1331 197 1613 248 interimatur;

131 268 241 311 idem
289 261 493 322 queritur
512 266 638 308 Hiero
675 266 755 316 IV,
797 272 837 308 2.
908 267 959 309 ad
1007 268 1216 321 sequentia
1254 268 1434 310 conferas
1475 280 1613 311 rursus

133 339 299 382 Hieron.
329 337 403 387 ΙΙΙ,
435 342 475 386 8,
505 336 638 378 locum
671 335 788 379 modo
828 336 1014 379 citatum.
1071 349 1317 392 quamquam
1349 339 1486 381 tantae
1515 340 1613 381 sunt

133 408 296 463 imperii
317 407 581 456 calamitates,
611 408 749 448 tamen
770 419 839 448 rex
859 406 1024 449 liberari
1053 408 1104 449 ab
1126 420 1172 449 eo
1203 420 1332 460 neque
1364 408 1452 450 vult
1482 421 1612 462 neque

131 479 285 533 potest;
315 475 510 519 similiter
540 476 705 518 Hieron.
738 475 838 527 VII,
873 482 925 519 12
947 477 992 531 ¹).
1053 476 1146 519 inde
1187 489 1211 519 a
1240 477 1264 531 ξ
1295 483 1349 520 41
1391 477 1490 520 haec
1529 477 1613 520 fere

132 549 332 602 Diogenes
359 546 543 599 exponit:
573 548 621 588 ut
642 546 825 588 omnium
846 547 1045 589 malorum
1066 548 1191 589 timor
1210 548 1371 601 gravior
1389 560 1475 590 esse
1495 548 1612 598 solet,

132 629 254 671 quam
271 628 333 658 res
348 615 446 669 ipsa,
477 616 536 658 sic
557 616 681 659 etiam
702 615 826 659 multi
848 616 1031 659 homines
1051 618 1137 659 tam
1159 617 1418 659 vehementer
1436 619 1611 660 mortem

131 688 294 737 timent,
324 688 373 728 ut
402 699 444 728 se
474 686 552 739 ipsi
582 688 699 728 antea
728 686 986 729 interficiant.
1048 687 1148 728 haec
1186 687 1389 729 sententia
1418 687 1615 740 exemplis

133 756 316 799 militum
337 757 380 798 et
400 757 615 798 nautarum
636 755 910 800 confirmatur.
941 755 1180 810 quibuscum
1201 755 1322 809 plane
1342 756 1611 804 consentiunt,

133 839 234 881 quae
255 826 381 881 Cyrus
402 829 443 868 et
463 826 659 880 Tigranes
679 826 787 868 inter
806 838 848 868 se
870 826 1120 869 collocuntur
1141 825 1282 881 Gyrop.
1304 827 1379 878 III,
1404 834 1443 877 1,
1466 832 1520 869 23
1532 839 1612 880 sq.:

132 896 267 954 λέγεις
296 898 367 950 σὺ,
399 896 458 947 ὡς
488 895 511 938 ὁ
541 895 678 953 φόβος
707 902 785 939 τοῦ
814 893 921 954 ἔργῳ
953 899 1199 939 κακοῦσθαι
1237 896 1402 951 μᾶλλον
1439 896 1611 950 κολάζει

132 969 231 1019 τοὺς
261 966 547 1023 ἀνθρώπους,·
576 967 635 1008 sic
664 966 930 1020 compellatus
959 967 1153 1021 Tigranes
1183 967 1428 1028 sententiam
1458 968 1614 1021 profert

132 1037 312 1087 eandem,
343 1049 463 1091 quam
495 1036 717 1091 Diogenes,
749 1038 792 1078 et
822 1037 967 1079 iisdem
997 1037 1192 1090 exemplis
1222 1037 1406 1080 militum
1438 1039 1480 1080 et
1510 1049 1613 1079 nau-

131 1111 266 1150 tarum
305 1109 451 1148 utitur.
511 1106 554 1147 iu
594 1107 618 1159 g
653 1112 708 1149 43
748 1105 859 1148 vides
898 1119 922 1147 a
964 1107 1142 1160 Diogene
1171 1109 1389 1161 tyrannum
1419 1120 1512 1153 cum
1543 1119 1612 1149 ca-

131 1178 231 1232 pitis
250 1177 438 1219 damnato
462 1175 635 1229 quodam
660 1177 935 1229 comparatum
960 1187 1056 1218 esse.
1115 1175 1224 1218 idem
1246 1176 1475 1230 exemplum
1495 1177 1613 1218 affert

131 1248 258 1304 Hiero
288 1247 388 1296 VII,
433 1253 510 1289 10:
550 1246 574 1288 ὁ
612 1244 661 1288 δὲ
700 1246 900 1302 τύραννος
939 1246 997 1296 ὡς
1035 1245 1122 1288 ὑπὸ
1159 1245 1336 1288 πάντων
1365 1246 1615 1302 ἀνθρώπων

130 1314 487 1372 κατακεκριμένος
508 1308 569 1358 δι’
595 1313 767 1358 ἀδικίαν
787 1314 1080 1372 ἀποθνήσκειν
1100 1315 1236 1366 οὕτως
1266 1315 1342 1358 καὶ
1371 1316 1502 1358 νύκτα
1532 1315 1609 1358 καὶ

130 1385 289 1444 ἡμέραν
317 1385 467 1441 διάγει.
509 1398 638 1439 neque
668 1397 804 1428 amore
835 1385 1000 1439 quidem
1031 1398 1099 1427 rex
1129 1385 1212 1428 frui
1241 1387 1387 1439 potest,
1417 1385 1609 1439 quoniam

130 1457 169 1498 ei
192 1456 421 1498 timendum
451 1457 523 1505 est,
555 1468 605 1497 ne
635 1456 685 1497 ab
716 1457 850 1497 amato
880 1455 967 1508 ipso
998 1455 1286 1498 interficiatur:
1318 1455 1376 1497 sic
1408 1456 1484 1497 Dio
1503 1458 1530 1508 ξ
1552 1460 1607 1498 49

132 1528 174 1570 et
191 1526 370 1569 Hieron.
391 1526 424 1577 Ι,
457 1530 523 1569 38.
565 1526 701 1580 itaque
732 1537 754 1568 e
777 1525 970 1580 Diogenis
994 1525 1197 1568 sententia
1226 1527 1316 1568 tum
1348 1525 1512 1569 demum
1541 1538 1611 1568 rex

130 1597 235 1638 liber
264 1598 326 1637 est
356 1596 405 1637 ab
446 1596 511 1637 his
551 1595 690 1644 malis,
736 1608 829 1637 cum
870 1597 1053 1637 mortuus
1088 1598 1169 1645 est;
1213 1608 1333 1648 quam
1365 1596 1610 1638 sententiam

129 1665 249 1721 paulo
278 1666 401 1708 aliam
432 1665 614 1708 invenies
644 1665 809 1708 Hieron.
844 1665 934 1716 VII,
969 1670 1021 1708 13
1041 1666 1089 1719 2).
1151 1665 1195 1707 in
1233 1665 1361 1708 tantis
1399 1666 1520 1708 malis
1558 1678 1610 1708 ne

131 1735 311 1786 mireris,
343 1735 449 1789 quod
479 1736 663 1778 homines
698 1737 812 1778 tanta
851 1735 1074 1789 cupiditate
1112 1735 1367 1790 tyrannidem
1398 1737 1608 1790 appetunt,

130 1818 224 1849 nam
254 1805 435 1859 imperiti
476 1807 571 1848 sunt
600 1806 689 1848 eius
725 1805 808 1848 rei:
850 1817 971 1859 quam
1014 1805 1181 1847 Hieron.
1213 1806 1253 1856 I,
1297 1812 1320 1848 9
1362 1806 1609 1848 sententiam

132 1876 209 1919 Dio
239 1877 263 1931 ἓ
293 1882 348 1920 45
381 1877 569 1926 mutavit,
600 1876 669 1919 sed
698 1876 925 1919 similitudo
955 1877 1132 1930 apparet.
1187 1888 1288 1931 quae
1319 1875 1398 1919 Dio
1428 1877 1528 1930 §48
1559 1877 1608 1918 de

130 1947 250 1989 rebus
269 1946 455 1988 iucundis
484 1945 598 1997 dicit,
630 1946 823 1988 similiter
853 1946 962 2001 legas
993 1958 1173 2001 expressa
1203 1946 1369 1989 Hieron.
1391 1947 1423 1997 1,
1458 1952 1525 1989 18.
1576 1946 1610 1988 ii

132 2028 231 2070 quos
259 2015 379 2058 rebus
410 2015 680 2059 familiaribus
711 2018 903 2072 tyrannus
931 2017 1127 2070 privavit,
1164 2017 1325 2059 inimici
1355 2017 1463 2071 regis
1492 2017 1610 2069 fiunt,

130 2087 163 2128 ii
212 2099 382 2140 quorum
427 2099 491 2128 res
528 2088 662 2137 auxit,
708 2100 830 2142 quam
869 2088 1079 2130 celerrime
1115 2088 1301 2142 fugiunt:
1340 2087 1459 2141 plane
1499 2086 1609 2129 idem

131 2156 280 2198 dicitur
324 2157 489 2199 Hieron.
530 2158 609 2208 VI,
658 2163 710 2200 13
731 2159 779 2213 ³).
849 2171 965 2212 porro
1011 2158 1211 2212 Diogenes
1260 2160 1450 2213 tyrannos
1479 2170 1610 2211 neque

130 2239 270 2281 pacem
311 2239 438 2281 neque
476 2227 630 2270 bellum
672 2229 882 2271 commodo
920 2229 1001 2271 sibi
1039 2241 1123 2271 esse
1164 2230 1307 2282 putare
1347 2228 1483 2278 docet,
1529 2240 1610 2269 non

226 2378 260 2421 1)
286 2380 362 2413 Καὶ
385 2380 498 2426 ταύτῃ
522 2380 749 2415 ἀθλιώτατόν
773 2381 873 2415 ἔστιν
896 2381 918 2423 ἡ
942 2383 1127 2427 τυραννίς’
1154 2379 1240 2415 οὐδὲ
1264 2380 1336 2428 γὰρ
1355 2380 1611 2425 ἀπαλλαγῆναι

132 2438 291 2474 δυνατὸν
315 2438 424 2482 αὐτῆς
447 2438 556 2473 ἔστιν.

225 2496 262 2539 2)
285 2499 400 2542 Εἴπερ
424 2509 474 2541 τῳ
498 2499 593 2542 ἄλλῳ
616 2500 793 2534 λυσιτελεῖ
816 2499 1070 2543 ἀπάγξασθαι,
1097 2500 1195 2540 ἴσθι,
1229 2497 1286 2532 ὅτι
1310 2499 1473 2546 τυράννῳ
1497 2498 1610 2543 ἔγωγε

132 2557 282 2603 εὑρίσκω
304 2557 467 2603 μάλιστα
492 2562 599 2591 τοῦτο
623 2558 834 2592 λυσιτελοῦν
858 2562 1021 2601 ποιῆσαι.

225 2615 262 2658 3)
290 2616 425 2654 Φίλους
447 2614 518 2661 μὲν
541 2615 613 2660 γὰρ
637 2622 714 2655 πῶς
738 2617 785 2650 ἂν
805 2619 978 2663 νομίσαις
996 2614 1087 2650 ποτὲ
1105 2612 1145 2650 εὖ
1169 2618 1299 2656 ποιεῖν,
1325 2614 1415 2649 ὅταν
1438 2611 1478 2649 εὖ
1501 2614 1610 2661 εἰδῇς,

131 2674 189 2709 ὅτι
231 2675 251 2708 ὁ
287 2674 333 2708 τὰ
369 2674 522 2708 πλεῖστα
562 2674 760 2719 λαμβάνων
792 2675 894 2722 παρὰ
938 2679 1008 2709 σοῦ
1048 2669 1184 2716 ἥδιστ’,
1212 2674 1258 2707 ἂν
1301 2674 1348 2712 ὡς
1383 2674 1540 2718 τάχιστα
1572 2673 1611 2712 ἐξ

132 2732 340 2780 ὀφθαλμῶν
364 2741 432 2767 σου
456 2733 621 2777 γένοιτο,-

1275 2789 1328 2824 2*
