1772 2936
860 69 914 107 26

134 194 183 236 et
222 191 429 250 LXXVI).
493 205 666 248 quarum
710 194 951 248 argumenta
990 193 1090 237 licet
1119 207 1325 249 compares
1371 206 1463 237 cum
1494 192 1631 236 Xeno-

132 264 305 318 phontis
324 263 500 318 Apomn.
524 263 594 313 IV,
621 269 662 313 4,
692 263 765 306 ubi
785 263 968 307 Socrates
989 276 1083 307 cum
1104 264 1256 320 Hippia
1276 263 1325 307 de
1345 263 1490 307 iisdem
1511 263 1631 307 rebus

132 333 399 389 colloquitur.
469 335 608 378 confer
653 335 866 389 praecipue
912 347 968 377 or.
1012 335 1163 378 LXXV
1210 349 1306 378 cum
1343 337 1518 388 Apomn.
1558 334 1629 384 IV,

133 410 191 455 ⁷4,
225 410 279 448 16
313 404 522 457 (civitates
551 405 640 447 sine
673 404 832 459 legibus
861 407 969 447 stare
1000 417 1079 447 non
1110 408 1255 460 posse).
1315 406 1423 447 recte
1454 403 1630 447 contulit

141 475 381 518 Duemmler
412 475 592 518 eiusdem
615 476 809 518 orationis
837 476 862 529 ξ
885 482 908 518 6
932 477 974 517 et
995 482 1092 529 8sq.
1124 489 1216 518 cum
1235 478 1380 530 Apom.
1402 475 1474 525 IV,
1496 481 1537 525 4,
1562 481 1628 517 17.

134 555 254 598 porro
285 556 389 598 quae
420 544 464 586 in
495 545 730 588 universum
767 545 816 587 de
848 557 957 587 more
989 544 1214 595 dicuntur,
1239 545 1497 588 consentiunt
1535 557 1628 587 cum

133 615 314 668 Apomn.
346 615 418 665 IV,
450 621 491 665 4,
527 621 593 658 19.
639 615 750 670 leges
780 615 870 658 tolli
892 617 1060 669 possunt
1089 615 1140 657 ab
1172 615 1429 666 hominibus;
1459 615 1519 657 sic
1549 615 1627 657 Dio

137 684 325 735 LXXVI,
359 690 398 736 2,
431 685 655 740 Xenophon
686 686 711 741 g
745 692 798 729 14
821 687 864 740 ¹).

226 756 316 797 Iam
346 755 396 797 ad
427 755 550 797 finem
580 756 858 809 pervenimus,
897 757 940 798 et
969 756 1004 797 si
1043 767 1122 797 non
1164 756 1320 804 omnia,
1361 757 1499 797 tamen
1542 757 1624 797 tam

137 824 270 868 multa
299 825 488 869 attulisse
520 826 625 869 mihi
657 825 813 878 videor,
845 828 892 869 ut
923 825 1022 869 satis
1052 826 1226 880 perspici
1256 825 1397 880 possit,
1427 825 1626 880 quomodo

128 897 179 938 et
208 898 407 950 quantum
441 896 516 938 Dio
548 897 814 950 Xenophonte
844 896 900 939 sit
932 909 1038 939 usus.

168 1095 223 1176 ΙΙ.
272 1094 343 1176 DE
368 1095 520 1177 ALIIS
546 1090 952 1177 SCRIPTURIBUS
978 1096 1017 1176 A
1040 1094 1210 1176 moui
1235 1093 1584 1176 LEGI'I'I'A'I'IS.

227 1247 306 1290 Sed
337 1250 555 1303 antequam
597 1249 641 1291 in
672 1248 907 1291 universum
947 1248 996 1290 de
1029 1248 1155 1290 Dione
1186 1248 1466 1302 Xenophontis
1494 1249 1622 1290 secta·

130 1321 220 1361 tore
252 1319 374 1360 verba
404 1319 618 1370 faciamus,
658 1319 854 1361 nonnulla
884 1319 932 1361 de
962 1318 1057 1361 aliis
1086 1318 1329 1372 quibusdam
1359 1319 1622 1372 scriptoribus

126 1389 277 1431 addere
307 1391 477 1443 oportet,
510 1402 610 1442 quos
633 1389 710 1432 Dio
731 1390 794 1432 vel
816 1389 1004 1431 imitatus
1035 1402 1118 1431 esse
1153 1389 1214 1430 vel
1245 1389 1389 1431 citasse
1419 1389 1590 1431 videtur.

219 1541 262 1572 a.
310 1528 391 1571 DE
422 1528 717 1573 PLATONE.
779 1531 946 1571 Praeter
976 1529 1287 1582 Xenophontem
1329 1541 1453 1570 unum
1493 1528 1618 1582 scrip-

126 1600 259 1641 torem
305 1598 483 1652 amplius
530 1601 770 1649 tractemus,
825 1612 948 1653 quem
1003 1611 1162 1642 summa
1217 1598 1459 1641 auctoritate
1514 1598 1619 1653 apud

131 1669 305 1711 Dionem
336 1669 462 1711 fuisse
491 1669 636 1712 statim
667 1669 894 1724 intelleges,
927 1670 1142 1711 Platonem
1173 1669 1275 1711 dico.

218 1740 357 1794 Atque
388 1739 508 1782 illum
539 1739 705 1794 quidem
738 1753 985 1794 quamquam
1006 1739 1050 1782 in
1081 1739 1261 1782 oratione
1293 1738 1449 1781 decima
1480 1740 1619 1782 octava

51 1841 55 1844 -
126 1809 373 1852 nominatim
406 1822 485 1851 non
517 1809 659 1852 laudat
676 1811 723 1865 2),
754 1810 835 1852 alio
866 1810 952 1852 loco
974 1810 1052 1851 Dio
1082 1809 1226 1863 quanti
1262 1809 1451 1851 aestimet
1480 1811 1617 1863 aperte

127 1879 296 1922 indicat.
347 1893 403 1922 or.
426 1880 620 1929 XXXVI,
655 1886 723 1928 26,
757 1886 810 1922 29
844 1880 952 1922 haud
982 1892 1108 1933 pauca
1140 1880 1188 1921 de
1210 1879 1380 1921 Platone
1412 1880 1615 1929 dicuntur,

120 1949 274 2004 quibus
305 1962 399 1992 cum
431 1950 609 2010 Homero
640 1952 908 2004 comparatur.
969 1952 1173 2003 praeterea
1210 1949 1487 2003 compluribus
1518 1949 1617 1992 locis

126 2019 205 2061 Dio
238 2020 422 2061 Platonis
452 2021 574 2062 verba
603 2021 723 2062 affert
753 2020 871 2062 modo
902 2020 1058 2062 adiecto
1100 2020 1215 2061 modo
1254 2020 1400 2061 omisso
1439 2020 1616 2061 auctoris

125 2088 305 2132 nomine.
378 2089 498 2133 huius
543 2090 704 2145 generis
748 2092 845 2134 sunt
883 2090 925 2141 I,
966 2095 1044 2143 133
1090 2090 1192 2139 XII,
1241 2096 1317 2139 383
1364 2089 1524 2139 XVIII,
1564 2095 1615 2140 43

121 2159 277 2209 XXIV,
311 2166 359 2209 3,
406 2159 522 2201 illius
552 2160 611 2209 II,
645 2166 723 2209 473
762 2160 880 2209 LIII,
913 2165 962 2209 23
994 2159 1111 2208 LIII,
1145 2165 1182 2202 5.
1246 2158 1372 2201 etiam
1402 2159 1474 2201 ille
1504 2159 1615 2202 locus

122 2230 322 2272 memoria
368 2230 517 2284 dignus
563 2233 646 2280 est,
693 2244 772 2284 quo
813 2231 996 2273 Platonis
1037 2230 1347 2283 Rempublicam
1385 2231 1520 2280 affert,
1568 2232 1615 2272 ut

219 2382 256 2423 1)
279 2381 381 2417 Falso
400 2384 519 2416 autem
533 2381 760 2416 F.Diimmler
777 2382 995 2425 (Academica
1013 2393 1046 2428 p.
1061 2382 1129 2417 247
1141 2382 1232 2427 sqq.)
1250 2381 1395 2416 coniecit
1413 2384 1451 2416 et
1468 2382 1611 2417 Dionem

115 2441 160 2474 et
182 2439 450 2486 Xenophontem
474 2440 519 2475 ad
543 2439 694 2487 Hippiae
725 2440 901 2486 sophistae
925 2441 1052 2477 librum
1085 2440 1213 2483 redire,
1248 2440 1409 2486 quoniam
1440 2440 1506 2476 Dio
1538 2440 1612 2487 ipse

122 2498 306 2534 manifesto
337 2509 374 2533 se
397 2498 547 2545 Hippiae
573 2500 705 2544 scripta
735 2499 895 2543 ignorare
927 2499 1013 2533 dicit
1045 2510 1093 2534 or.
1118 2499 1205 2541 LIV,
1230 2499 1264 2533 4.
1314 2501 1465 2534 ceterum
1489 2499 1612 2534 Dionis

120 2557 158 2592 in
176 2556 232 2591 his
253 2557 469 2592 orationibus
488 2557 564 2592 fons
583 2557 738 2592 dubitari
757 2559 886 2603 potest,
906 2559 1025 2592 utrum
1038 2557 1228 2603 Xenophon
1248 2568 1292 2592 an
1311 2557 1448 2592 Stoicus
1469 2557 1609 2603 quidam

115 2615 271 2661 scriptor
293 2615 410 2650 fuerit.

215 2673 252 2715 2)
277 2672 327 2708 Cf.
353 2674 374 2718 ξ
394 2674 456 2709 13;
483 2675 567 2713 τοὺς
589 2675 660 2720 μὲν
685 2674 732 2717 δὴ
749 2676 879 2713 ἄλλους
898 2673 1174 2720 (Σωκρατικοὺς)
1193 2675 1336 2720 μακρὸν
1353 2675 1400 2708 ἂν
1424 2676 1477 2717 εἴη
1502 2674 1610 2720 ἔργον

113 2732 287 2766 «ἐπαινεῖν
310 2735 371 2766 καὶ
397 2733 634 2777 ἐντυγχάνειν
659 2733 784 2772 αὐτοῖς
810 2733 853 2767 οὐ
878 2734 919 2767 τὸ
944 2733 1065 2778 τυχόν.
