<?xml version="1.0" encoding="UTF-8"?>
<!DOCTYPE html PUBLIC "-//W3C//DTD XHTML 1.0 Transitional//EN"
    "http://www.w3.org/TR/xhtml1/DTD/xhtml1-transitional.dtd">
<html xmlns="http://www.w3.org/1999/xhtml" xml:lang="en" lang="en">
 <head>
  <title>
</title>
<meta http-equiv="Content-Type" content="text/html;charset=utf-8" />
  <meta name='ocr-system' content='tesseract 3.04.00' />
  <meta name='ocr-capabilities' content='ocr_page ocr_carea ocr_par ocr_line ocrx_word'/>
</head>
<body>
  <div class='ocr_page' id='page_1' title='image "4738051_0056.png"; bbox 0 0 1772 2936; ppageno 0'>
   <div class='ocr_carea' id='block_1_1' title="bbox 863 54 920 91">
    <p class='ocr_par' dir='ltr' id='par_1_1' title="bbox 863 54 920 91">
     <span class='ocr_line' id='line_1_1' title="bbox 863 54 920 91; baseline 0.018 -1"><span class='ocrx_word' id='word_1_1' title='bbox 863 54 920 91; x_wconf 78' lang='lat'><strong>44</strong></span> 
     </span>
    </p>
   </div>
   <div class='ocr_carea' id='block_1_2' title="bbox 786 107 993 114">
    <p class='ocr_par' dir='ltr' id='par_1_2' title="bbox 786 107 993 114">
     <span class='ocr_line' id='line_1_2' title="bbox 786 107 993 114; baseline 0 0"><span class='ocrx_word' id='word_1_2' title='bbox 786 107 993 114; x_wconf 95' lang='lat' dir='ltr'><strong> </strong></span> 
     </span>
    </p>
   </div>
   <div class='ocr_carea' id='block_1_3' title="bbox 137 175 1634 1005">
    <p class='ocr_par' dir='ltr' id='par_1_3' title="bbox 139 175 1631 298">
     <span class='ocr_line' id='line_1_3' title="bbox 232 175 1631 234; baseline -0.001 -14"><span class='ocrx_word' id='word_1_3' title='bbox 232 181 275 229; x_wconf 84' lang='lat'><strong>2)</strong></span> <span class='ocrx_word' id='word_1_4' title='bbox 306 177 681 234; x_wconf 78' lang='grc' dir='ltr'><strong><em>φιλοστρατιώτης</em></strong></span> <span class='ocrx_word' id='word_1_5' title='bbox 710 177 760 229; x_wconf 89' lang='grc' dir='ltr'><strong>(Ι,</strong></span> <span class='ocrx_word' id='word_1_6' title='bbox 784 179 871 232; x_wconf 81' lang='grc'><strong>28).</strong></span> <span class='ocrx_word' id='word_1_7' title='bbox 933 177 997 220; x_wconf 87' lang='lat' dir='ltr'><strong>bis</strong></span> <span class='ocrx_word' id='word_1_8' title='bbox 1016 176 1122 232; x_wconf 86' lang='lat' dir='ltr'><strong>apud</strong></span> <span class='ocrx_word' id='word_1_9' title='bbox 1143 176 1466 230; x_wconf 75' lang='lat' dir='ltr'><strong>Xenophontem,</strong></span> <span class='ocrx_word' id='word_1_10' title='bbox 1499 175 1631 218; x_wconf 83' lang='lat' dir='ltr'><strong>Anah.</strong></span> 
     </span>
     <span class='ocr_line' id='line_1_4' title="bbox 139 247 493 298; baseline 0.003 -9"><span class='ocrx_word' id='word_1_11' title='bbox 139 247 234 298; x_wconf 84' lang='lat' dir='ltr'>VII,</span> <span class='ocrx_word' id='word_1_12' title='bbox 270 253 309 298; x_wconf 87' lang='grc'><strong>6,</strong></span> <span class='ocrx_word' id='word_1_13' title='bbox 341 254 389 297; x_wconf 74' lang='grc' dir='ltr'><strong>4ς</strong></span> <span class='ocrx_word' id='word_1_14' title='bbox 422 253 493 291; x_wconf 86' lang='grc'><strong>39.</strong></span> 
     </span>
    </p>

    <p class='ocr_par' dir='ltr' id='par_1_4' title="bbox 138 315 1634 511">
     <span class='ocr_line' id='line_1_5' title="bbox 231 315 1631 373; baseline -0.001 -14"><span class='ocrx_word' id='word_1_15' title='bbox 231 319 275 372; x_wconf 90' lang='grc'><strong>3)</strong></span> <span class='ocrx_word' id='word_1_16' title='bbox 306 317 433 368; x_wconf 82' lang='grc' dir='ltr'><strong><em>κύνας</em></strong></span> <span class='ocrx_word' id='word_1_17' title='bbox 463 317 593 373; x_wconf 70' lang='grc' dir='ltr'><strong><em>ἄγειν,</em></strong></span> <span class='ocrx_word' id='word_1_18' title='bbox 634 318 662 360; x_wconf 94' lang='lat' dir='ltr'><strong>i.</strong></span> <span class='ocrx_word' id='word_1_19' title='bbox 695 330 729 359; x_wconf 90' lang='lat' dir='ltr'><strong>e.</strong></span> <span class='ocrx_word' id='word_1_20' title='bbox 761 329 879 360; x_wconf 85' lang='lat' dir='ltr'><strong>canes</strong></span> <span class='ocrx_word' id='word_1_21' title='bbox 921 317 1090 360; x_wconf 85' lang='lat' dir='ltr'><strong>educare</strong></span> <span class='ocrx_word' id='word_1_22' title='bbox 1126 317 1176 360; x_wconf 85' lang='lat' dir='ltr'><strong>ad</strong></span> <span class='ocrx_word' id='word_1_23' title='bbox 1207 315 1463 360; x_wconf 84' lang='lat' dir='ltr'><strong>venationem</strong></span> <span class='ocrx_word' id='word_1_24' title='bbox 1493 316 1631 359; x_wconf 88' lang='lat' dir='ltr'><strong>Xeno·</strong></span> 
     </span>
     <span class='ocr_line' id='line_1_6' title="bbox 138 385 1634 442; baseline -0.001 -13"><span class='ocrx_word' id='word_1_25' title='bbox 138 388 247 441; x_wconf 91' lang='lat' dir='ltr'><strong>phon</strong></span> <span class='ocrx_word' id='word_1_26' title='bbox 287 387 330 429; x_wconf 93' lang='lat' dir='ltr'><strong>in</strong></span> <span class='ocrx_word' id='word_1_27' title='bbox 375 387 525 442; x_wconf 81' lang='lat' dir='ltr'><strong>Cyneg.</strong></span> <span class='ocrx_word' id='word_1_28' title='bbox 555 387 641 438; x_wconf 89' lang='lat' dir='ltr'><strong>HI,</strong></span> <span class='ocrx_word' id='word_1_29' title='bbox 678 393 726 430; x_wconf 90' lang='lat'><strong>11</strong></span> <span class='ocrx_word' id='word_1_30' title='bbox 761 389 805 429; x_wconf 91' lang='lat' dir='ltr'><strong>et</strong></span> <span class='ocrx_word' id='word_1_31' title='bbox 846 387 1019 441; x_wconf 88' lang='lat' dir='ltr'><strong>Apomn.</strong></span> <span class='ocrx_word' id='word_1_32' title='bbox 1052 387 1125 438; x_wconf 91' lang='lat' dir='ltr'><strong>IV,</strong></span> <span class='ocrx_word' id='word_1_33' title='bbox 1161 394 1198 438; x_wconf 94' lang='lat'><strong>1,</strong></span> <span class='ocrx_word' id='word_1_34' title='bbox 1231 393 1270 438; x_wconf 86' lang='lat'><strong>3,</strong></span> <span class='ocrx_word' id='word_1_35' title='bbox 1310 386 1382 429; x_wconf 86' lang='lat' dir='ltr'><strong>ubi</strong></span> <span class='ocrx_word' id='word_1_36' title='bbox 1412 387 1474 429; x_wconf 89' lang='lat' dir='ltr'><strong>est</strong></span> <span class='ocrx_word' id='word_1_37' title='bbox 1502 385 1634 437; x_wconf 82' lang='grc' dir='ltr'><strong><em>κύνας</em></strong></span> 
     </span>
     <span class='ocr_line' id='line_1_7' title="bbox 139 455 1601 511; baseline 0 -11"><span class='ocrx_word' id='word_1_38' title='bbox 139 457 283 508; x_wconf 78' lang='grc' dir='ltr'><strong><em>καλῶς</em></strong></span> <span class='ocrx_word' id='word_1_39' title='bbox 312 455 534 510; x_wconf 74' lang='grc' dir='ltr'>ἀχθείσας,</span> <span class='ocrx_word' id='word_1_40' title='bbox 565 457 673 511; x_wconf 88' lang='lat' dir='ltr'><strong>quod</strong></span> <span class='ocrx_word' id='word_1_41' title='bbox 703 457 812 499; x_wconf 90' lang='lat' dir='ltr'><strong>idem</strong></span> <span class='ocrx_word' id='word_1_42' title='bbox 846 457 923 499; x_wconf 93' lang='lat' dir='ltr'><strong>Dio</strong></span> <span class='ocrx_word' id='word_1_43' title='bbox 954 457 1056 499; x_wconf 81' lang='lat' dir='ltr'><strong>dicit</strong></span> <span class='ocrx_word' id='word_1_44' title='bbox 1085 470 1141 499; x_wconf 91' lang='lat' dir='ltr'><strong>or.</strong></span> <span class='ocrx_word' id='word_1_45' title='bbox 1175 458 1268 507; x_wconf 89' lang='lat' dir='ltr'><strong>XX,</strong></span> <span class='ocrx_word' id='word_1_46' title='bbox 1303 463 1370 500; x_wconf 89' lang='lat'><strong>15.</strong></span> <span class='ocrx_word' id='word_1_47' title='bbox 1594 470 1601 480; x_wconf 89' lang='grc'><em>·</em></span> 
     </span>
    </p>

    <p class='ocr_par' dir='ltr' id='par_1_5' title="bbox 139 524 1633 653">
     <span class='ocr_line' id='line_1_8' title="bbox 229 524 1633 582; baseline -0.001 -12"><span class='ocrx_word' id='word_1_48' title='bbox 229 529 274 582; x_wconf 83' lang='grc'><strong>4)</strong></span> <span class='ocrx_word' id='word_1_49' title='bbox 305 527 452 570; x_wconf 83' lang='grc' dir='ltr'><em>κλάειν</em></span> <span class='ocrx_word' id='word_1_50' title='bbox 503 529 648 570; x_wconf 81' lang='grc' dir='ltr'><strong><em>ποιεῖν</em></strong></span> <span class='ocrx_word' id='word_1_51' title='bbox 692 527 758 569; x_wconf 87' lang='lat' dir='ltr'><strong>vel</strong></span> <span class='ocrx_word' id='word_1_52' title='bbox 807 524 1008 580; x_wconf 74' lang='grc' dir='ltr'><strong><em>καθίζειν</em></strong></span> <span class='ocrx_word' id='word_1_53' title='bbox 1054 526 1152 570; x_wconf 85' lang='grc' dir='ltr'><strong><em>τινά</em></strong></span> <span class='ocrx_word' id='word_1_54' title='bbox 1189 527 1413 582; x_wconf 85' lang='lat' dir='ltr'><strong>Xenophon</strong></span> <span class='ocrx_word' id='word_1_55' title='bbox 1459 526 1633 581; x_wconf 81' lang='lat' dir='ltr'><strong>saepius,</strong></span> 
     </span>
     <span class='ocr_line' id='line_1_9' title="bbox 139 595 1338 653; baseline -0.001 -12"><span class='ocrx_word' id='word_1_56' title='bbox 139 598 280 653; x_wconf 86' lang='lat' dir='ltr'><strong>Cyrop.</strong></span> <span class='ocrx_word' id='word_1_57' title='bbox 311 599 366 649; x_wconf 91' lang='lat' dir='ltr'><strong>II,</strong></span> <span class='ocrx_word' id='word_1_58' title='bbox 400 604 439 649; x_wconf 85' lang='lat'><strong>2,</strong></span> <span class='ocrx_word' id='word_1_59' title='bbox 478 604 543 641; x_wconf 89' lang='lat'><strong>13.</strong></span> <span class='ocrx_word' id='word_1_60' title='bbox 607 600 751 641; x_wconf 81' lang='grc' dir='ltr'><strong><em>ποιεῖν</em></strong></span> <span class='ocrx_word' id='word_1_61' title='bbox 781 595 948 640; x_wconf 80' lang='grc' dir='ltr'><strong><em>κλαίειν</em></strong></span> <span class='ocrx_word' id='word_1_62' title='bbox 981 598 1056 640; x_wconf 91' lang='lat' dir='ltr'><strong>Dio</strong></span> <span class='ocrx_word' id='word_1_63' title='bbox 1090 598 1236 648; x_wconf 90' lang='lat' dir='ltr'>LXVI,</span> <span class='ocrx_word' id='word_1_64' title='bbox 1270 605 1338 641; x_wconf 87' lang='lat'><strong>16.</strong></span> 
     </span>
    </p>

    <p class='ocr_par' dir='ltr' id='par_1_6' title="bbox 139 667 1633 865">
     <span class='ocr_line' id='line_1_10' title="bbox 231 667 1631 726; baseline -0.002 -13"><span class='ocrx_word' id='word_1_65' title='bbox 231 670 274 724; x_wconf 91' lang='lat'><strong>5)</strong></span> <span class='ocrx_word' id='word_1_66' title='bbox 306 670 456 726; x_wconf 84' lang='grc' dir='ltr'><strong><em>γοργὸν</em></strong></span> <span class='ocrx_word' id='word_1_67' title='bbox 487 667 730 724; x_wconf 78' lang='grc' dir='ltr'><strong><em>ἐμβλέπειν,</em></strong></span> <span class='ocrx_word' id='word_1_68' title='bbox 770 667 877 722; x_wconf 88' lang='lat' dir='ltr'><strong>quod</strong></span> <span class='ocrx_word' id='word_1_69' title='bbox 908 670 971 710; x_wconf 90' lang='lat' dir='ltr'><strong>est</strong></span> <span class='ocrx_word' id='word_1_70' title='bbox 999 667 1107 723; x_wconf 88' lang='lat' dir='ltr'><strong>apud</strong></span> <span class='ocrx_word' id='word_1_71' title='bbox 1137 667 1310 710; x_wconf 90' lang='lat' dir='ltr'><strong>Dionem</strong></span> <span class='ocrx_word' id='word_1_72' title='bbox 1341 669 1406 719; x_wconf 90' lang='lat' dir='ltr'><strong>H,</strong></span> <span class='ocrx_word' id='word_1_73' title='bbox 1440 673 1508 719; x_wconf 82' lang='lat'><strong>29,</strong></span> <span class='ocrx_word' id='word_1_74' title='bbox 1549 667 1631 710; x_wconf 85' lang='lat' dir='ltr'><strong>for·</strong></span> 
     </span>
     <span class='ocr_line' id='line_1_11' title="bbox 139 738 1633 795; baseline -0.001 -13"><span class='ocrx_word' id='word_1_75' title='bbox 139 742 246 782; x_wconf 81' lang='lat' dir='ltr'><strong>tasse</strong></span> <span class='ocrx_word' id='word_1_76' title='bbox 276 740 431 794; x_wconf 77' lang='lat' dir='ltr'><strong>recepit</strong></span> <span class='ocrx_word' id='word_1_77' title='bbox 467 752 489 782; x_wconf 80' lang='lat' dir='ltr'><strong>e</strong></span> <span class='ocrx_word' id='word_1_78' title='bbox 519 739 803 793; x_wconf 72' lang='lat' dir='ltr'><strong>Xenophontis</strong></span> <span class='ocrx_word' id='word_1_79' title='bbox 832 738 1081 795; x_wconf 81' lang='grc' dir='ltr'><strong><em>γοργότερον</em></strong></span> <span class='ocrx_word' id='word_1_80' title='bbox 1110 738 1214 795; x_wconf 79' lang='grc' dir='ltr'><strong><em>ὁρᾶν</em></strong></span> <span class='ocrx_word' id='word_1_81' title='bbox 1251 738 1381 792; x_wconf 83' lang='lat' dir='ltr'><strong>(codd.</strong></span> <span class='ocrx_word' id='word_1_82' title='bbox 1421 738 1633 795; x_wconf 76' lang='grc' dir='ltr'><strong><em>ὁρᾶσθαι)</em></strong></span> 
     </span>
     <span class='ocr_line' id='line_1_12' title="bbox 139 808 498 865; baseline 0 -13"><span class='ocrx_word' id='word_1_83' title='bbox 139 808 276 865; x_wconf 87' lang='lat' dir='ltr'><strong>Symp.</strong></span> <span class='ocrx_word' id='word_1_84' title='bbox 309 810 340 858; x_wconf 93' lang='grc' dir='ltr'><strong>Ι,</strong></span> <span class='ocrx_word' id='word_1_85' title='bbox 377 814 431 852; x_wconf 90' lang='grc'><strong>10</strong></span> <span class='ocrx_word' id='word_1_86' title='bbox 453 811 498 864; x_wconf 87' lang='lat'><strong>¹).</strong></span> 
     </span>
    </p>

    <p class='ocr_par' dir='ltr' id='par_1_7' title="bbox 137 875 1629 1005">
     <span class='ocr_line' id='line_1_13' title="bbox 230 875 1629 934; baseline -0.003 -11"><span class='ocrx_word' id='word_1_87' title='bbox 230 883 273 934; x_wconf 91' lang='grc'><strong>6)</strong></span> <span class='ocrx_word' id='word_1_88' title='bbox 304 878 349 921; x_wconf 77' lang='grc' dir='ltr'><strong><em>ἐν</em></strong></span> <span class='ocrx_word' id='word_1_89' title='bbox 378 883 472 930; x_wconf 85' lang='grc' dir='ltr'><strong><em>τοῖς</em></strong></span> <span class='ocrx_word' id='word_1_90' title='bbox 501 879 829 929; x_wconf 80' lang='grc' dir='ltr'><strong><em>εὐδιεινοτάτοις</em></strong></span> <span class='ocrx_word' id='word_1_91' title='bbox 860 880 937 920; x_wconf 88' lang='lat' dir='ltr'><strong>Dio</strong></span> <span class='ocrx_word' id='word_1_92' title='bbox 968 879 1038 929; x_wconf 91' lang='lat' dir='ltr'><strong>VI,</strong></span> <span class='ocrx_word' id='word_1_93' title='bbox 1075 886 1111 920; x_wconf 92' lang='lat'><strong>1.</strong></span> <span class='ocrx_word' id='word_1_94' title='bbox 1173 875 1216 920; x_wconf 74' lang='grc' dir='ltr'><strong><em>ἐν</em></strong></span> <span class='ocrx_word' id='word_1_95' title='bbox 1245 877 1465 929; x_wconf 82' lang='grc' dir='ltr'><strong><em>εὖδιεινοῖς</em></strong></span> <span class='ocrx_word' id='word_1_96' title='bbox 1494 879 1629 921; x_wconf 86' lang='lat' dir='ltr'><strong>Xeno-</strong></span> 
     </span>
     <span class='ocr_line' id='line_1_14' title="bbox 137 947 1264 1005; baseline 0.001 -14"><span class='ocrx_word' id='word_1_97' title='bbox 137 949 244 1004; x_wconf 92' lang='lat' dir='ltr'><strong>phon</strong></span> <span class='ocrx_word' id='word_1_98' title='bbox 276 949 424 1005; x_wconf 85' lang='lat' dir='ltr'><strong>Cyneg.</strong></span> <span class='ocrx_word' id='word_1_99' title='bbox 461 950 509 1000; x_wconf 92' lang='lat' dir='ltr'><strong>V,</strong></span> <span class='ocrx_word' id='word_1_100' title='bbox 544 956 583 1001; x_wconf 88' lang='lat'><strong>9,</strong></span> <span class='ocrx_word' id='word_1_101' title='bbox 614 950 821 1004; x_wconf 85' lang='lat' dir='ltr'><strong>praeterea</strong></span> <span class='ocrx_word' id='word_1_102' title='bbox 851 948 978 992; x_wconf 87' lang='lat' dir='ltr'><strong>semel</strong></span> <span class='ocrx_word' id='word_1_103' title='bbox 1009 947 1264 992; x_wconf 71' lang='lat' dir='ltr'><strong>Aristotelea.</strong></span> 
     </span>
    </p>
   </div>
   <div class='ocr_carea' id='block_1_4' title="bbox 126 1089 1630 2061">
    <p class='ocr_par' dir='ltr' id='par_1_8' title="bbox 126 1089 1630 2061">
     <span class='ocr_line' id='line_1_15' title="bbox 228 1089 1630 1145; baseline -0.001 -12"><span class='ocrx_word' id='word_1_104' title='bbox 228 1089 396 1134; x_wconf 90' lang='lat' dir='ltr'><strong>Summa</strong></span> <span class='ocrx_word' id='word_1_105' title='bbox 426 1103 521 1145; x_wconf 85' lang='lat' dir='ltr'><strong>ergo</strong></span> <span class='ocrx_word' id='word_1_106' title='bbox 551 1089 634 1133; x_wconf 89' lang='lat' dir='ltr'><strong>fuit</strong></span> <span class='ocrx_word' id='word_1_107' title='bbox 663 1089 946 1144; x_wconf 72' lang='lat' dir='ltr'><strong>Xenophontis</strong></span> <span class='ocrx_word' id='word_1_108' title='bbox 983 1090 1087 1144; x_wconf 88' lang='lat' dir='ltr'><strong>apud</strong></span> <span class='ocrx_word' id='word_1_109' title='bbox 1121 1090 1292 1133; x_wconf 92' lang='lat' dir='ltr'><strong>Dionem</strong></span> <span class='ocrx_word' id='word_1_110' title='bbox 1333 1089 1551 1132; x_wconf 85' lang='lat' dir='ltr'><strong>auotoritas</strong></span> <span class='ocrx_word' id='word_1_111' title='bbox 1587 1090 1630 1131; x_wconf 88' lang='lat' dir='ltr'><strong>et</strong></span> 
     </span>
     <span class='ocr_line' id='line_1_16' title="bbox 136 1159 1629 1215; baseline -0.001 -12"><span class='ocrx_word' id='word_1_112' title='bbox 136 1162 180 1204; x_wconf 91' lang='lat' dir='ltr'><strong>in</strong></span> <span class='ocrx_word' id='word_1_113' title='bbox 212 1161 429 1203; x_wconf 81' lang='lat' dir='ltr'><strong>sententiis</strong></span> <span class='ocrx_word' id='word_1_114' title='bbox 458 1162 501 1203; x_wconf 89' lang='lat' dir='ltr'><strong>et</strong></span> <span class='ocrx_word' id='word_1_115' title='bbox 530 1160 575 1202; x_wconf 91' lang='lat' dir='ltr'><strong>in</strong></span> <span class='ocrx_word' id='word_1_116' title='bbox 607 1160 769 1203; x_wconf 82' lang='lat' dir='ltr'><strong>dicendi</strong></span> <span class='ocrx_word' id='word_1_117' title='bbox 798 1173 957 1215; x_wconf 89' lang='lat' dir='ltr'><strong>genere,</strong></span> <span class='ocrx_word' id='word_1_118' title='bbox 989 1160 1049 1203; x_wconf 89' lang='lat' dir='ltr'><strong>ita</strong></span> <span class='ocrx_word' id='word_1_119' title='bbox 1080 1162 1126 1202; x_wconf 93' lang='lat' dir='ltr'><strong>ut</strong></span> <span class='ocrx_word' id='word_1_120' title='bbox 1156 1161 1284 1215; x_wconf 88' lang='lat' dir='ltr'><strong>ipsius</strong></span> <span class='ocrx_word' id='word_1_121' title='bbox 1305 1160 1448 1203; x_wconf 90' lang='lat' dir='ltr'><strong>Dionis</strong></span> <span class='ocrx_word' id='word_1_122' title='bbox 1477 1159 1629 1214; x_wconf 82' lang='lat' dir='ltr'><strong>scripta</strong></span> 
     </span>
     <span class='ocr_line' id='line_1_17' title="bbox 137 1230 1629 1284; baseline -0.001 -11"><span class='ocrx_word' id='word_1_123' title='bbox 137 1232 293 1284; x_wconf 81' lang='lat' dir='ltr'><strong>optime</strong></span> <span class='ocrx_word' id='word_1_124' title='bbox 324 1233 550 1284; x_wconf 82' lang='lat' dir='ltr'><strong>congruant</strong></span> <span class='ocrx_word' id='word_1_125' title='bbox 580 1244 674 1272; x_wconf 82' lang='lat' dir='ltr'><strong>cum</strong></span> <span class='ocrx_word' id='word_1_126' title='bbox 705 1231 830 1284; x_wconf 87' lang='lat' dir='ltr'><strong>largis</strong></span> <span class='ocrx_word' id='word_1_127' title='bbox 866 1231 952 1272; x_wconf 89' lang='lat' dir='ltr'><strong>illis</strong></span> <span class='ocrx_word' id='word_1_128' title='bbox 984 1230 1190 1279; x_wconf 86' lang='lat' dir='ltr'><strong>laudibus,</strong></span> <span class='ocrx_word' id='word_1_129' title='bbox 1230 1243 1329 1284; x_wconf 85' lang='lat' dir='ltr'><strong>quas</strong></span> <span class='ocrx_word' id='word_1_130' title='bbox 1367 1230 1629 1283; x_wconf 87' lang='lat' dir='ltr'><strong>Xenophonti</strong></span> 
     </span>
     <span class='ocr_line' id='line_1_18' title="bbox 137 1299 1628 1354; baseline -0.001 -11"><span class='ocrx_word' id='word_1_131' title='bbox 137 1301 180 1343; x_wconf 91' lang='lat' dir='ltr'><strong>in</strong></span> <span class='ocrx_word' id='word_1_132' title='bbox 212 1301 394 1343; x_wconf 87' lang='lat' dir='ltr'><strong>oratione</strong></span> <span class='ocrx_word' id='word_1_133' title='bbox 424 1301 566 1342; x_wconf 81' lang='lat' dir='ltr'><strong>octava</strong></span> <span class='ocrx_word' id='word_1_134' title='bbox 595 1299 754 1342; x_wconf 85' lang='lat' dir='ltr'><strong>decima</strong></span> <span class='ocrx_word' id='word_1_135' title='bbox 785 1299 945 1343; x_wconf 81' lang='lat' dir='ltr'><strong>tribuit.</strong></span> <span class='ocrx_word' id='word_1_136' title='bbox 1008 1301 1167 1354; x_wconf 81' lang='lat' dir='ltr'><strong>praeter</strong></span> <span class='ocrx_word' id='word_1_137' title='bbox 1192 1300 1503 1354; x_wconf 87' lang='lat' dir='ltr'><strong>Xenophontem</strong></span> <span class='ocrx_word' id='word_1_138' title='bbox 1532 1301 1628 1341; x_wconf 87' lang='lat' dir='ltr'><strong>ante</strong></span> 
     </span>
     <span class='ocr_line' id='line_1_19' title="bbox 137 1369 1626 1424; baseline -0.001 -11"><span class='ocrx_word' id='word_1_139' title='bbox 137 1373 292 1413; x_wconf 85' lang='lat' dir='ltr'><strong>ceteros</strong></span> <span class='ocrx_word' id='word_1_140' title='bbox 314 1370 499 1412; x_wconf 85' lang='lat' dir='ltr'><strong>Platonis</strong></span> <span class='ocrx_word' id='word_1_141' title='bbox 525 1370 750 1412; x_wconf 86' lang='lat' dir='ltr'><strong>auotoritas</strong></span> <span class='ocrx_word' id='word_1_142' title='bbox 769 1370 996 1424; x_wconf 89' lang='lat' dir='ltr'><strong>praevalere</strong></span> <span class='ocrx_word' id='word_1_143' title='bbox 1018 1369 1192 1420; x_wconf 84' lang='lat' dir='ltr'><strong>videtur,</strong></span> <span class='ocrx_word' id='word_1_144' title='bbox 1224 1370 1293 1412; x_wconf 88' lang='lat' dir='ltr'><strong>sed</strong></span> <span class='ocrx_word' id='word_1_145' title='bbox 1315 1370 1487 1412; x_wconf 90' lang='lat' dir='ltr'><strong>Dionem</strong></span> <span class='ocrx_word' id='word_1_146' title='bbox 1519 1369 1626 1412; x_wconf 89' lang='lat' dir='ltr'><strong>haud</strong></span> 
     </span>
     <span class='ocr_line' id='line_1_20' title="bbox 136 1440 1626 1495; baseline -0.001 -12"><span class='ocrx_word' id='word_1_147' title='bbox 136 1441 281 1495; x_wconf 86' lang='lat' dir='ltr'><strong>exiguo</strong></span> <span class='ocrx_word' id='word_1_148' title='bbox 312 1440 555 1494; x_wconf 84' lang='lat' dir='ltr'><strong>scriptorum</strong></span> <span class='ocrx_word' id='word_1_149' title='bbox 577 1452 746 1482; x_wconf 91' lang='lat' dir='ltr'><strong>numero</strong></span> <span class='ocrx_word' id='word_1_150' title='bbox 776 1453 894 1482; x_wconf 90' lang='lat' dir='ltr'><strong>usum</strong></span> <span class='ocrx_word' id='word_1_151' title='bbox 926 1453 1010 1483; x_wconf 88' lang='lat' dir='ltr'><strong>esse</strong></span> <span class='ocrx_word' id='word_1_152' title='bbox 1031 1440 1164 1483; x_wconf 80' lang='lat' dir='ltr'><strong>elucet</strong></span> <span class='ocrx_word' id='word_1_153' title='bbox 1194 1440 1275 1482; x_wconf 91' lang='lat' dir='ltr'><strong>iam</strong></span> <span class='ocrx_word' id='word_1_154' title='bbox 1308 1454 1329 1483; x_wconf 91' lang='lat' dir='ltr'><strong>e</strong></span> <span class='ocrx_word' id='word_1_155' title='bbox 1358 1440 1497 1495; x_wconf 84' lang='lat' dir='ltr'><strong>paucis</strong></span> <span class='ocrx_word' id='word_1_156' title='bbox 1528 1440 1626 1491; x_wconf 91' lang='lat' dir='ltr'><strong>illis,</strong></span> 
     </span>
     <span class='ocr_line' id='line_1_21' title="bbox 135 1510 1628 1565; baseline 0 -12"><span class='ocrx_word' id='word_1_157' title='bbox 135 1523 238 1565; x_wconf 87' lang='lat' dir='ltr'><strong>quae</strong></span> <span class='ocrx_word' id='word_1_158' title='bbox 269 1523 390 1565; x_wconf 89' lang='lat' dir='ltr'><strong>supra</strong></span> <span class='ocrx_word' id='word_1_159' title='bbox 420 1510 558 1561; x_wconf 85' lang='lat' dir='ltr'><strong>attuli,</strong></span> <span class='ocrx_word' id='word_1_160' title='bbox 590 1513 632 1552; x_wconf 91' lang='lat' dir='ltr'><strong>et</strong></span> <span class='ocrx_word' id='word_1_161' title='bbox 662 1523 684 1552; x_wconf 92' lang='lat' dir='ltr'><strong>e</strong></span> <span class='ocrx_word' id='word_1_162' title='bbox 715 1510 957 1565; x_wconf 82' lang='lat' dir='ltr'><strong>scriptorum</strong></span> <span class='ocrx_word' id='word_1_163' title='bbox 998 1511 1252 1562; x_wconf 91' lang='lat' dir='ltr'><strong>nominibus,</strong></span> <span class='ocrx_word' id='word_1_164' title='bbox 1291 1524 1393 1565; x_wconf 84' lang='lat' dir='ltr'><strong>quae</strong></span> <span class='ocrx_word' id='word_1_165' title='bbox 1432 1511 1501 1553; x_wconf 85' lang='lat' dir='ltr'><strong>hic</strong></span> <span class='ocrx_word' id='word_1_166' title='bbox 1539 1511 1628 1553; x_wconf 87' lang='lat' dir='ltr'><strong>illic</strong></span> 
     </span>
     <span class='ocr_line' id='line_1_22' title="bbox 135 1578 1626 1636; baseline 0 -13"><span class='ocrx_word' id='word_1_167' title='bbox 135 1581 288 1636; x_wconf 83' lang='lat' dir='ltr'><strong>profert</strong></span> <span class='ocrx_word' id='word_1_168' title='bbox 306 1582 352 1636; x_wconf 53' lang='grc' dir='ltr'><strong>ἵ).</strong></span> <span class='ocrx_word' id='word_1_169' title='bbox 432 1580 572 1635; x_wconf 85' lang='lat' dir='ltr'><strong>itaque</strong></span> <span class='ocrx_word' id='word_1_170' title='bbox 617 1593 734 1635; x_wconf 87' lang='lat' dir='ltr'><strong>saepe</strong></span> <span class='ocrx_word' id='word_1_171' title='bbox 781 1581 952 1623; x_wconf 89' lang='lat' dir='ltr'><strong>dubium</strong></span> <span class='ocrx_word' id='word_1_172' title='bbox 998 1578 1080 1632; x_wconf 80' lang='lat' dir='ltr'><strong>e&#39;st,</strong></span> <span class='ocrx_word' id='word_1_173' title='bbox 1126 1594 1345 1635; x_wconf 84' lang='lat' dir='ltr'><strong>quemnam</strong></span> <span class='ocrx_word' id='word_1_174' title='bbox 1390 1582 1626 1635; x_wconf 82' lang='lat' dir='ltr'><strong>scriptorem</strong></span> 
     </span>
     <span class='ocr_line' id='line_1_23' title="bbox 135 1651 1627 1707; baseline 0 -12"><span class='ocrx_word' id='word_1_175' title='bbox 135 1652 214 1695; x_wconf 92' lang='lat' dir='ltr'><strong>Dio</strong></span> <span class='ocrx_word' id='word_1_176' title='bbox 254 1653 446 1707; x_wconf 88' lang='lat' dir='ltr'><strong>sequatur</strong></span> <span class='ocrx_word' id='word_1_177' title='bbox 486 1664 537 1694; x_wconf 87' lang='lat' dir='ltr'><strong>an</strong></span> <span class='ocrx_word' id='word_1_178' title='bbox 578 1651 744 1694; x_wconf 89' lang='lat' dir='ltr'><strong>omnino</strong></span> <span class='ocrx_word' id='word_1_179' title='bbox 782 1651 869 1706; x_wconf 91' lang='lat' dir='ltr'><strong>ipse</strong></span> <span class='ocrx_word' id='word_1_180' title='bbox 915 1651 964 1694; x_wconf 90' lang='lat' dir='ltr'><strong>de</strong></span> <span class='ocrx_word' id='word_1_181' title='bbox 1010 1651 1124 1694; x_wconf 91' lang='lat' dir='ltr'><strong>nullo</strong></span> <span class='ocrx_word' id='word_1_182' title='bbox 1164 1652 1416 1707; x_wconf 86' lang='lat' dir='ltr'><strong>cogitaverit.</strong></span> <span class='ocrx_word' id='word_1_183' title='bbox 1478 1651 1627 1695; x_wconf 89' lang='lat' dir='ltr'><strong>nobilis</strong></span> 
     </span>
     <span class='ocr_line' id='line_1_24' title="bbox 135 1722 1624 1777; baseline -0.001 -12"><span class='ocrx_word' id='word_1_184' title='bbox 135 1723 223 1765; x_wconf 89' lang='lat' dir='ltr'><strong>eius</strong></span> <span class='ocrx_word' id='word_1_185' title='bbox 253 1723 311 1764; x_wconf 90' lang='lat' dir='ltr'><strong>rei</strong></span> <span class='ocrx_word' id='word_1_186' title='bbox 352 1722 463 1764; x_wconf 84' lang='lat' dir='ltr'><strong>locus</strong></span> <span class='ocrx_word' id='word_1_187' title='bbox 497 1723 560 1764; x_wconf 89' lang='lat' dir='ltr'><strong>est</strong></span> <span class='ocrx_word' id='word_1_188' title='bbox 591 1734 646 1764; x_wconf 93' lang='lat' dir='ltr'><strong>or.</strong></span> <span class='ocrx_word' id='word_1_189' title='bbox 677 1723 739 1772; x_wconf 90' lang='lat' dir='ltr'><strong>II,</strong></span> <span class='ocrx_word' id='word_1_190' title='bbox 782 1728 851 1766; x_wconf 87' lang='lat'><strong>56.</strong></span> <span class='ocrx_word' id='word_1_191' title='bbox 912 1723 1017 1777; x_wconf 91' lang='lat' dir='ltr'><strong>quod</strong></span> <span class='ocrx_word' id='word_1_192' title='bbox 1058 1722 1126 1764; x_wconf 86' lang='lat' dir='ltr'><strong>hio</strong></span> <span class='ocrx_word' id='word_1_193' title='bbox 1168 1723 1244 1765; x_wconf 92' lang='lat' dir='ltr'><strong>Dio</strong></span> <span class='ocrx_word' id='word_1_194' title='bbox 1283 1722 1435 1777; x_wconf 86' lang='lat' dir='ltr'><strong>profert</strong></span> <span class='ocrx_word' id='word_1_195' title='bbox 1473 1723 1624 1765; x_wconf 90' lang='lat' dir='ltr'><strong>bonum</strong></span> 
     </span>
     <span class='ocr_line' id='line_1_25' title="bbox 137 1782 1628 1847; baseline -0.001 -11"><span class='ocrx_word' id='word_1_196' title='bbox 137 1805 278 1847; x_wconf 89' lang='lat' dir='ltr'><strong>regem</strong></span> <span class='ocrx_word' id='word_1_197' title='bbox 333 1792 601 1835; x_wconf 85' lang='lat' dir='ltr'><strong>immodicum</strong></span> <span class='ocrx_word' id='word_1_198' title='bbox 654 1782 781 1834; x_wconf 87' lang='lat' dir='ltr'><strong>risum</strong></span> <span class='ocrx_word' id='word_1_199' title='bbox 837 1805 917 1835; x_wconf 91' lang='lat' dir='ltr'><strong>non</strong></span> <span class='ocrx_word' id='word_1_200' title='bbox 970 1793 1209 1842; x_wconf 78' lang='lat' dir='ltr'><strong>admittere,</strong></span> <span class='ocrx_word' id='word_1_201' title='bbox 1265 1793 1366 1835; x_wconf 85' lang='lat' dir='ltr'><strong>item</strong></span> <span class='ocrx_word' id='word_1_202' title='bbox 1421 1792 1628 1835; x_wconf 88' lang='lat' dir='ltr'><strong>invenitur</strong></span> 
     </span>
     <span class='ocr_line' id='line_1_26' title="bbox 134 1862 1625 1918; baseline -0.001 -11"><span class='ocrx_word' id='word_1_203' title='bbox 134 1863 241 1907; x_wconf 89' lang='lat' dir='ltr'><strong>Xen.</strong></span> <span class='ocrx_word' id='word_1_204' title='bbox 274 1862 416 1918; x_wconf 81' lang='lat' dir='ltr'><strong>Cyrop.</strong></span> <span class='ocrx_word' id='word_1_205' title='bbox 450 1862 560 1913; x_wconf 83' lang='lat' dir='ltr'><strong>VIII,</strong></span> <span class='ocrx_word' id='word_1_206' title='bbox 597 1869 640 1912; x_wconf 93' lang='lat'><strong>1,</strong></span> <span class='ocrx_word' id='word_1_207' title='bbox 675 1867 744 1913; x_wconf 89' lang='lat'><strong>33,</strong></span> <span class='ocrx_word' id='word_1_208' title='bbox 776 1863 937 1907; x_wconf 86' lang='lat' dir='ltr'><strong>Platon.</strong></span> <span class='ocrx_word' id='word_1_209' title='bbox 968 1862 1158 1918; x_wconf 89' lang='lat' dir='ltr'><strong>Reipubl.</strong></span> <span class='ocrx_word' id='word_1_210' title='bbox 1192 1868 1277 1907; x_wconf 86' lang='lat'><strong>388</strong></span> <span class='ocrx_word' id='word_1_211' title='bbox 1294 1863 1349 1914; x_wconf 85' lang='lat' dir='ltr'><strong>E,</strong></span> <span class='ocrx_word' id='word_1_212' title='bbox 1380 1863 1542 1906; x_wconf 82' lang='lat' dir='ltr'><strong>Isocrat.</strong></span> <span class='ocrx_word' id='word_1_213' title='bbox 1575 1862 1625 1906; x_wconf 91' lang='lat' dir='ltr'><strong>ad</strong></span> 
     </span>
     <span class='ocr_line' id='line_1_27' title="bbox 135 1926 1622 1990; baseline -0.001 -15"><span class='ocrx_word' id='word_1_214' title='bbox 135 1933 406 1975; x_wconf 86' lang='lat' dir='ltr'><strong>Demonicum</strong></span> <span class='ocrx_word' id='word_1_215' title='bbox 443 1939 525 1982; x_wconf 76' lang='lat'><strong>14,</strong></span> <span class='ocrx_word' id='word_1_216' title='bbox 550 1935 757 1986; x_wconf 84' lang='lat' dir='ltr'><strong>praeterea</strong></span> <span class='ocrx_word' id='word_1_217' title='bbox 787 1933 831 1974; x_wconf 90' lang='lat' dir='ltr'><strong>in</strong></span> <span class='ocrx_word' id='word_1_218' title='bbox 864 1933 1095 1975; x_wconf 89' lang='lat' dir='ltr'><strong>Philodemi</strong></span> <span class='ocrx_word' id='word_1_219' title='bbox 1134 1933 1239 1975; x_wconf 90' lang='lat' dir='ltr'><strong>libro</strong></span> <span class='ocrx_word' id='word_1_220' title='bbox 1271 1933 1371 1990; x_wconf 86' lang='grc' dir='ltr'><strong><em>περὶ</em></strong></span> <span class='ocrx_word' id='word_1_221' title='bbox 1401 1940 1478 1976; x_wconf 83' lang='grc' dir='ltr'><strong><em>τοῦ</em></strong></span> <span class='ocrx_word' id='word_1_222' title='bbox 1506 1926 1622 1975; x_wconf 68' lang='grc' dir='ltr'><strong>καθ’</strong></span> 
     </span>
     <span class='ocr_line' id='line_1_28' title="bbox 126 1994 1630 2061; baseline -0.001 -15"><span class='ocrx_word' id='word_1_223' title='bbox 126 1994 320 2061; x_wconf 59' lang='grc' dir='ltr'><strong><em>’Όμηρον</em></strong></span> <span class='ocrx_word' id='word_1_224' title='bbox 351 2002 525 2058; x_wconf 73' lang='grc' dir='ltr'><strong><em>ἀγαθοῦ</em></strong></span> <span class='ocrx_word' id='word_1_225' title='bbox 553 2001 768 2057; x_wconf 80' lang='grc' dir='ltr'><strong><em>βασιλέως</em></strong></span> <span class='ocrx_word' id='word_1_226' title='bbox 798 2003 910 2057; x_wconf 87' lang='lat' dir='ltr'><strong>(voll.</strong></span> <span class='ocrx_word' id='word_1_227' title='bbox 945 2003 1161 2047; x_wconf 84' lang='lat' dir='ltr'><strong>Herculan.</strong></span> <span class='ocrx_word' id='word_1_228' title='bbox 1197 2003 1311 2058; x_wconf 89' lang='lat' dir='ltr'><strong>VIII)</strong></span> <span class='ocrx_word' id='word_1_229' title='bbox 1342 2004 1416 2047; x_wconf 85' lang='lat' dir='ltr'><strong>col.</strong></span> <span class='ocrx_word' id='word_1_230' title='bbox 1441 2004 1514 2054; x_wconf 92' lang='lat' dir='ltr'>III,</span> <span class='ocrx_word' id='word_1_231' title='bbox 1549 2009 1630 2046; x_wconf 75' lang='lat'><strong>142.</strong></span> 
     </span>
    </p>
   </div>
   <div class='ocr_carea' id='block_1_5' title="bbox 130 2190 1632 2762">
    <p class='ocr_par' dir='ltr' id='par_1_9' title="bbox 131 2190 1632 2650">
     <span class='ocr_line' id='line_1_29' title="bbox 229 2190 1632 2238; baseline 0.001 -13"><span class='ocrx_word' id='word_1_232' title='bbox 229 2190 266 2233; x_wconf 91' lang='lat'><strong>1)</strong></span> <span class='ocrx_word' id='word_1_233' title='bbox 293 2191 514 2238; x_wconf 80' lang='grc' dir='ltr'><strong><em>Γοργότερόν</em></strong></span> <span class='ocrx_word' id='word_1_234' title='bbox 539 2203 576 2225; x_wconf 80' lang='grc' dir='ltr'><strong><em>τε</em></strong></span> <span class='ocrx_word' id='word_1_235' title='bbox 603 2192 764 2237; x_wconf 79' lang='grc' dir='ltr'><strong><em>ὁρᾶσθαι</em></strong></span> <span class='ocrx_word' id='word_1_236' title='bbox 788 2190 886 2226; x_wconf 86' lang='lat' dir='ltr'><strong>codd.</strong></span> <span class='ocrx_word' id='word_1_237' title='bbox 913 2192 950 2225; x_wconf 88' lang='lat' dir='ltr'><strong>et</strong></span> <span class='ocrx_word' id='word_1_238' title='bbox 974 2190 1159 2225; x_wconf 89' lang='lat' dir='ltr'><strong>Aristides.</strong></span> <span class='ocrx_word' id='word_1_239' title='bbox 1209 2190 1285 2227; x_wconf 87' lang='lat' dir='ltr'><strong>edd.</strong></span> <span class='ocrx_word' id='word_1_240' title='bbox 1311 2190 1391 2226; x_wconf 88' lang='lat' dir='ltr'><strong>inde</strong></span> <span class='ocrx_word' id='word_1_241' title='bbox 1415 2190 1632 2237; x_wconf 61' lang='lat' dir='ltr'><strong>aStephanO»</strong></span> 
     </span>
     <span class='ocr_line' id='line_1_30' title="bbox 133 2249 1624 2297; baseline 0 -13"><span class='ocrx_word' id='word_1_242' title='bbox 133 2250 349 2296; x_wconf 82' lang='grc' dir='ltr'><strong><em>γοργότεροί</em></strong></span> <span class='ocrx_word' id='word_1_243' title='bbox 372 2262 408 2284; x_wconf 83' lang='grc' dir='ltr'><strong><em>τε</em></strong></span> <span class='ocrx_word' id='word_1_244' title='bbox 434 2251 604 2297; x_wconf 79' lang='grc' dir='ltr'><strong><em>ὁρᾶσθαι.</em></strong></span> <span class='ocrx_word' id='word_1_245' title='bbox 655 2249 715 2283; x_wconf 88' lang='lat' dir='ltr'><strong>sed</strong></span> <span class='ocrx_word' id='word_1_246' title='bbox 749 2249 833 2283; x_wconf 84' lang='lat' dir='ltr'><strong>haec</strong></span> <span class='ocrx_word' id='word_1_247' title='bbox 866 2250 970 2283; x_wconf 88' lang='lat' dir='ltr'><strong>verba</strong></span> <span class='ocrx_word' id='word_1_248' title='bbox 1001 2250 1207 2295; x_wconf 86' lang='lat' dir='ltr'><strong>respondere</strong></span> <span class='ocrx_word' id='word_1_249' title='bbox 1238 2250 1366 2284; x_wconf 86' lang='lat' dir='ltr'><strong>debent</strong></span> <span class='ocrx_word' id='word_1_250' title='bbox 1399 2250 1624 2295; x_wconf 82' lang='lat' dir='ltr'><strong>sequentibus</strong></span> 
     </span>
     <span class='ocr_line' id='line_1_31' title="bbox 133 2308 1631 2355; baseline 0 -13"><span class='ocrx_word' id='word_1_251' title='bbox 133 2309 180 2342; x_wconf 79' lang='grc' dir='ltr'><strong>τά</strong></span> <span class='ocrx_word' id='word_1_252' title='bbox 205 2320 241 2342; x_wconf 76' lang='grc' dir='ltr'><strong><em>τε</em></strong></span> <span class='ocrx_word' id='word_1_253' title='bbox 267 2309 421 2355; x_wconf 78' lang='grc' dir='ltr'><strong><em>ὄμματα</em></strong></span> <span class='ocrx_word' id='word_1_254' title='bbox 448 2309 802 2355; x_wconf 75' lang='grc' dir='ltr'><strong><em>φιλοφρονεστέρους</em></strong></span> <span class='ocrx_word' id='word_1_255' title='bbox 827 2309 969 2354; x_wconf 82' lang='grc' dir='ltr'><strong><em>ἔχουσι,</em></strong></span> <span class='ocrx_word' id='word_1_256' title='bbox 996 2308 1088 2343; x_wconf 80' lang='lat' dir='ltr'><strong>sicut</strong></span> <span class='ocrx_word' id='word_1_257' title='bbox 1112 2310 1227 2343; x_wconf 70' lang='lat' dir='ltr'><strong>cetera</strong></span> <span class='ocrx_word' id='word_1_258' title='bbox 1261 2308 1342 2343; x_wconf 81' lang='lat' dir='ltr'><strong>bina</strong></span> <span class='ocrx_word' id='word_1_259' title='bbox 1366 2308 1519 2343; x_wconf 83' lang='lat' dir='ltr'><strong>membra</strong></span> <span class='ocrx_word' id='word_1_260' title='bbox 1543 2309 1631 2354; x_wconf 75' lang='lat' dir='ltr'><strong>apte·</strong></span> 
     </span>
     <span class='ocr_line' id='line_1_32' title="bbox 133 2365 1624 2413; baseline 0.001 -13"><span class='ocrx_word' id='word_1_261' title='bbox 133 2365 201 2400; x_wconf 83' lang='lat' dir='ltr'><strong>sibi</strong></span> <span class='ocrx_word' id='word_1_262' title='bbox 224 2366 446 2411; x_wconf 83' lang='lat' dir='ltr'><strong>respondent.</strong></span> <span class='ocrx_word' id='word_1_263' title='bbox 490 2377 601 2411; x_wconf 89' lang='lat' dir='ltr'><strong>neque</strong></span> <span class='ocrx_word' id='word_1_264' title='bbox 627 2366 657 2400; x_wconf 84' lang='lat' dir='ltr'><strong>si</strong></span> <span class='ocrx_word' id='word_1_265' title='bbox 682 2368 815 2413; x_wconf 81' lang='grc' dir='ltr'><strong><em>γοργός</em></strong></span> <span class='ocrx_word' id='word_1_266' title='bbox 839 2367 889 2401; x_wconf 79' lang='lat' dir='ltr'><strong>sit</strong></span> <span class='ocrx_word' id='word_1_267' title='bbox 913 2369 1051 2401; x_wconf 86' lang='lat' dir='ltr'><strong>torvum</strong></span> <span class='ocrx_word' id='word_1_268' title='bbox 1076 2367 1213 2402; x_wconf 83' lang='lat' dir='ltr'><strong>vultum</strong></span> <span class='ocrx_word' id='word_1_269' title='bbox 1236 2367 1369 2401; x_wconf 88' lang='lat' dir='ltr'><strong>habens</strong></span> <span class='ocrx_word' id='word_1_270' title='bbox 1386 2367 1495 2412; x_wconf 87' lang='lat' dir='ltr'><strong>(quod</strong></span> <span class='ocrx_word' id='word_1_271' title='bbox 1512 2367 1624 2401; x_wconf 87' lang='lat' dir='ltr'><strong>Xeno-</strong></span> 
     </span>
     <span class='ocr_line' id='line_1_33' title="bbox 132 2423 1628 2472; baseline 0.001 -14"><span class='ocrx_word' id='word_1_272' title='bbox 132 2423 275 2469; x_wconf 89' lang='lat' dir='ltr'><strong>phontis</strong></span> <span class='ocrx_word' id='word_1_273' title='bbox 299 2435 367 2458; x_wconf 91' lang='lat' dir='ltr'><strong>non</strong></span> <span class='ocrx_word' id='word_1_274' title='bbox 392 2425 472 2467; x_wconf 86' lang='lat' dir='ltr'><strong>est),</strong></span> <span class='ocrx_word' id='word_1_275' title='bbox 498 2425 584 2458; x_wconf 88' lang='lat' dir='ltr'><strong>bene</strong></span> <span class='ocrx_word' id='word_1_276' title='bbox 609 2424 795 2459; x_wconf 73' lang='lat' dir='ltr'><strong>cohaerent</strong></span> <span class='ocrx_word' id='word_1_277' title='bbox 819 2424 942 2459; x_wconf 84' lang='lat' dir='ltr'><strong>omnia.</strong></span> <span class='ocrx_word' id='word_1_278' title='bbox 988 2427 1149 2471; x_wconf 74' lang='grc' dir='ltr'><strong><em>ὁρᾶσθαι</em></strong></span> <span class='ocrx_word' id='word_1_279' title='bbox 1174 2426 1289 2460; x_wconf 82' lang='lat' dir='ltr'><strong>autem</strong></span> <span class='ocrx_word' id='word_1_280' title='bbox 1315 2436 1377 2471; x_wconf 90' lang='lat' dir='ltr'><strong>pro</strong></span> <span class='ocrx_word' id='word_1_281' title='bbox 1403 2427 1493 2472; x_wconf 82' lang='grc' dir='ltr'><strong><em>ὁρᾶν</em></strong></span> <span class='ocrx_word' id='word_1_282' title='bbox 1516 2424 1628 2470; x_wconf 76' lang='lat' dir='ltr'><strong>poeti-</strong></span> 
     </span>
     <span class='ocr_line' id='line_1_34' title="bbox 132 2482 1628 2530; baseline 0.001 -14"><span class='ocrx_word' id='word_1_283' title='bbox 132 2492 210 2516; x_wconf 86' lang='lat' dir='ltr'><strong>cum</strong></span> <span class='ocrx_word' id='word_1_284' title='bbox 234 2484 302 2516; x_wconf 86' lang='lat' dir='ltr'><strong>est.</strong></span> <span class='ocrx_word' id='word_1_285' title='bbox 350 2482 470 2527; x_wconf 79' lang='lat' dir='ltr'><strong>itaque</strong></span> <span class='ocrx_word' id='word_1_286' title='bbox 504 2493 581 2517; x_wconf 85' lang='lat' dir='ltr'><strong>eum</strong></span> <span class='ocrx_word' id='word_1_287' title='bbox 606 2482 708 2517; x_wconf 80' lang='lat' dir='ltr'><strong>Plato</strong></span> <span class='ocrx_word' id='word_1_288' title='bbox 741 2494 877 2528; x_wconf 86' lang='lat' dir='ltr'><strong>quoque</strong></span> <span class='ocrx_word' id='word_1_289' title='bbox 911 2485 1000 2530; x_wconf 85' lang='grc' dir='ltr'><strong><em>ὁρᾶν</em></strong></span> <span class='ocrx_word' id='word_1_290' title='bbox 1030 2494 1107 2517; x_wconf 86' lang='lat' dir='ltr'><strong>cum</strong></span> <span class='ocrx_word' id='word_1_291' title='bbox 1131 2486 1278 2527; x_wconf 77' lang='grc' dir='ltr'><strong><em>βλέπειν</em></strong></span> <span class='ocrx_word' id='word_1_292' title='bbox 1309 2483 1498 2518; x_wconf 79' lang='lat' dir='ltr'><strong>confundat</strong></span> <span class='ocrx_word' id='word_1_293' title='bbox 1530 2483 1628 2527; x_wconf 67' lang='grc' dir='ltr'><strong><em>(ἐπεὶ</em></strong></span> 
     </span>
     <span class='ocr_line' id='line_1_35' title="bbox 133 2540 1630 2590; baseline -0.001 -15"><span class='ocrx_word' id='word_1_294' title='bbox 133 2542 252 2575; x_wconf 77' lang='grc' dir='ltr'><strong><em>πολλοὶ</em></strong></span> <span class='ocrx_word' id='word_1_295' title='bbox 294 2553 351 2575; x_wconf 85' lang='grc' dir='ltr'><strong><em>τοι</em></strong></span> <span class='ocrx_word' id='word_1_296' title='bbox 393 2542 564 2587; x_wconf 78' lang='grc' dir='ltr'><strong><em>ὀξύτερον</em></strong></span> <span class='ocrx_word' id='word_1_297' title='bbox 600 2542 807 2585; x_wconf 75' lang='grc' dir='ltr'><strong><em>βλεπόντων</em></strong></span> <span class='ocrx_word' id='word_1_298' title='bbox 850 2542 1078 2589; x_wconf 81' lang='grc' dir='ltr'><strong><em>ἀμβλύτερον</em></strong></span> <span class='ocrx_word' id='word_1_299' title='bbox 1120 2544 1271 2589; x_wconf 79' lang='grc' dir='ltr'><strong><em>ὁρῶντες</em></strong></span> <span class='ocrx_word' id='word_1_300' title='bbox 1308 2543 1478 2590; x_wconf 82' lang='grc' dir='ltr'><strong><em>πρότεροι</em></strong></span> <span class='ocrx_word' id='word_1_301' title='bbox 1521 2540 1630 2576; x_wconf 79' lang='grc' dir='ltr'><strong><em>εἶδον·</em></strong></span> 
     </span>
     <span class='ocr_line' id='line_1_36' title="bbox 131 2598 1344 2650; baseline 0.002 -17"><span class='ocrx_word' id='word_1_302' title='bbox 131 2598 292 2644; x_wconf 77' lang='lat' dir='ltr'><strong>Reipubl.</strong></span> <span class='ocrx_word' id='word_1_303' title='bbox 317 2599 361 2642; x_wconf 84' lang='lat' dir='ltr'><strong>X,</strong></span> <span class='ocrx_word' id='word_1_304' title='bbox 387 2599 456 2634; x_wconf 83' lang='lat'><strong>596</strong></span> <span class='ocrx_word' id='word_1_305' title='bbox 470 2599 525 2643; x_wconf 81' lang='lat' dir='ltr'><strong>A),</strong></span> <span class='ocrx_word' id='word_1_306' title='bbox 551 2599 770 2634; x_wconf 81' lang='lat' dir='ltr'><strong>scribendum</strong></span> <span class='ocrx_word' id='word_1_307' title='bbox 795 2611 916 2634; x_wconf 77' lang='lat' dir='ltr'><strong>censeo</strong></span> <span class='ocrx_word' id='word_1_308' title='bbox 941 2602 1160 2648; x_wconf 82' lang='grc' dir='ltr'><strong><em>γοργότερόν</em></strong></span> <span class='ocrx_word' id='word_1_309' title='bbox 1185 2614 1221 2636; x_wconf 84' lang='grc' dir='ltr'><strong><em>τε</em></strong></span> <span class='ocrx_word' id='word_1_310' title='bbox 1247 2603 1344 2650; x_wconf 82' lang='grc' dir='ltr'><strong><em>ὁρᾶν.</em></strong></span> 
     </span>
    </p>

    <p class='ocr_par' dir='ltr' id='par_1_10' title="bbox 130 2655 1627 2762">
     <span class='ocr_line' id='line_1_37' title="bbox 226 2655 1627 2703; baseline -0.001 -11"><span class='ocrx_word' id='word_1_311' title='bbox 226 2657 262 2701; x_wconf 81' lang='grc'><strong>2)</strong></span> <span class='ocrx_word' id='word_1_312' title='bbox 287 2657 338 2693; x_wconf 88' lang='lat' dir='ltr'><strong>Cf.</strong></span> <span class='ocrx_word' id='word_1_313' title='bbox 364 2658 470 2692; x_wconf 83' lang='lat' dir='ltr'><strong>etiam</strong></span> <span class='ocrx_word' id='word_1_314' title='bbox 495 2669 583 2703; x_wconf 85' lang='lat' dir='ltr'><strong>quae</strong></span> <span class='ocrx_word' id='word_1_315' title='bbox 608 2658 747 2693; x_wconf 92' lang='lat' dir='ltr'><strong>Polemo</strong></span> <span class='ocrx_word' id='word_1_316' title='bbox 781 2658 823 2693; x_wconf 85' lang='lat' dir='ltr'><strong>de</strong></span> <span class='ocrx_word' id='word_1_317' title='bbox 848 2658 958 2694; x_wconf 79' lang='lat' dir='ltr'><strong>Dione</strong></span> <span class='ocrx_word' id='word_1_318' title='bbox 991 2659 1118 2694; x_wconf 85' lang='lat' dir='ltr'><strong>dixisse</strong></span> <span class='ocrx_word' id='word_1_319' title='bbox 1156 2659 1285 2694; x_wconf 84' lang='lat' dir='ltr'><strong>dicitur</strong></span> <span class='ocrx_word' id='word_1_320' title='bbox 1317 2659 1520 2694; x_wconf 82' lang='lat' dir='ltr'><strong>Philostrat.</strong></span> <span class='ocrx_word' id='word_1_321' title='bbox 1553 2655 1627 2700; x_wconf 72' lang='lat' dir='ltr'><strong>(ed.</strong></span> 
     </span>
     <span class='ocr_line' id='line_1_38' title="bbox 130 2714 552 2762; baseline 0.007 -12"><span class='ocrx_word' id='word_1_322' title='bbox 130 2714 277 2761; x_wconf 86' lang='lat' dir='ltr'><strong>Kayser)</strong></span> <span class='ocrx_word' id='word_1_323' title='bbox 303 2716 351 2760; x_wconf 89' lang='lat'><strong>11,</strong></span> <span class='ocrx_word' id='word_1_324' title='bbox 376 2728 410 2762; x_wconf 88' lang='lat' dir='ltr'><strong>p.</strong></span> <span class='ocrx_word' id='word_1_325' title='bbox 435 2717 493 2761; x_wconf 89' lang='lat'><strong>50,</strong></span> <span class='ocrx_word' id='word_1_326' title='bbox 520 2718 552 2752; x_wconf 88' lang='grc'><strong>6.</strong></span> 
     </span>
    </p>
   </div>
  </div>
 </body>
</html>
