1772 2936
850 57 903 94 37

133 180 177 224 in
218 181 397 225 oratione
426 181 555 224 altera
590 180 730 223 contra
759 180 975 224 Isocratem
1004 193 1195 236 pugnare,
1227 193 1320 224 cum
1341 179 1616 224 Alexandrum

133 253 358 295 Homerum
390 250 562 294 summis
593 250 780 293 laudibus
809 252 1054 301 efferentem,
1085 252 1320 301 Hesiodum,
1342 251 1616 306 Phocylidem,

135 322 411 378 Theognidem
452 322 589 364 autem
630 333 722 376 rege
766 320 958 376 indignos
983 323 1194 375 putantem
1225 321 1368 372 faciat3
1406 334 1500 364 nam
1530 322 1616 364 Iso-

132 395 260 435 crates
289 392 333 434 in
372 391 551 433 oratione
591 390 640 433 ad
672 391 880 433 Nicoclem
913 392 1064 445 scripta
1092 391 1212 445 plane
1242 391 1483 434 contrariam
1523 404 1615 433 sen-

132 463 303 505 tentiam
334 461 487 515 profert
509 460 577 514 (cf.
599 461 622 514 ξ
643 466 699 504 43
723 463 764 503 et
785 466 840 504 48
862 462 954 516 sq.).
1008 461 1049 503 in
1081 461 1261 504 oratione
1290 463 1429 504 octava
1459 461 1615 503 decima

132 532 210 574 Dio
246 531 466 573 Isocratem
498 532 662 573 omnino
693 543 771 573 non
802 532 919 574 affert
949 533 991 574 et
1020 533 1130 574 recte
1173 531 1334 586 quidem
1378 532 1476 574 Keil
1518 532 1615 573 Dio-

132 615 225 644 nem
256 601 307 643 ab
336 600 523 643 Isocratis
554 601 718 655 ingenio
749 602 790 642 et
820 601 981 643 dicendi
1010 614 1154 656 genere
1185 601 1304 655 plane
1325 602 1504 643 alienum
1530 613 1615 643 esse

134 671 248 714 dicit.
310 683 429 725 quam
453 671 502 712 ob
524 683 611 713 rem
631 671 695 713 vir
715 671 867 723 doctus,
898 671 933 714 si
955 673 1061 713 recte
1092 671 1299 726 intellego,
1330 671 1504 713 Dionem
1534 684 1614 713 non

132 742 279 795 ipsum,
311 741 379 784 sed
400 741 553 784 fontem
577 742 664 784 eius
691 745 828 784 contra
856 742 1071 784 Isocratem
1102 755 1280 796 pugnare
1313 744 1460 793 censet,
1491 754 1614 795 quem

133 813 172 854 in
206 812 384 855 oratione
415 813 542 854 altera
571 814 732 854 secutus
762 812 828 854 sit.
889 813 955 854 sed
987 812 1037 854 ad
1067 812 1171 854 hanc
1210 812 1485 865 quaestionem
1516 824 1614 865 opus

131 884 205 933 est,
237 884 284 924 ut
314 881 556 936 diligentius
585 894 889 935 percenseamus
920 882 1063 924 Dionis
1092 884 1290 924 orationes
1320 884 1363 924 et
1392 882 1612 931 videamus,

131 965 230 994 num
276 952 441 994 omnino
482 951 559 993 Dio
599 964 688 993 cum
728 952 902 994 Isocrate
942 951 1178 1009 consentiat.
1239 964 1360 1006 quem
1400 951 1450 992 ad
1490 950 1612 992 finem

131 1034 197 1064 eas
237 1021 380 1064 Dionis
425 1021 624 1063 orationes
668 1021 772 1072 adii,
819 1034 917 1075 quas
956 1021 1004 1063 de
1043 1034 1166 1076 regno
1207 1021 1390 1075 scripsit,
1435 1020 1613 1074 primam

129 1092 298 1134 alteram
351 1092 529 1133 tertiam.
605 1104 651 1133 ac
708 1092 884 1145 primum
937 1091 1099 1145 quidem
1152 1105 1218 1134 eos
1278 1092 1384 1133 locos
1433 1091 1610 1141 afferam,

130 1161 278 1215 quibus
326 1162 402 1203 Dio
456 1174 547 1203 cum
594 1162 767 1204 Isocrate
823 1162 1047 1204 consentire
1100 1161 1272 1204 videtur.
1333 1173 1473 1203 omnes
1517 1160 1611 1211 loci,

131 1243 231 1285 quos
276 1244 324 1273 ex
369 1232 543 1274 Isocrate
588 1222 794 1282 afferam(
821 1233 917 1273 sunt
961 1232 1003 1273 in
1050 1232 1228 1274 oratione
1273 1232 1401 1274 altera
1447 1232 1612 1284 excepto

131 1313 232 1350 uno,
273 1301 333 1343 ita
373 1304 419 1343 ut
447 1302 637 1344 Isocratis
667 1301 849 1344 ordinem
880 1302 994 1355 sequi
1025 1302 1171 1344 melius
1213 1301 1406 1343 videatur.
1468 1313 1523 1342 or.
1556 1300 1610 1351 II,

129 1372 153 1425 g
187 1377 240 1413 14
282 1372 504 1425 comparari
543 1374 678 1425 potest
715 1385 808 1414 cum
849 1372 991 1414 Dionis
1019 1373 1094 1423 ΠΙ,
1128 1378 1196 1422 62,
1236 1372 1308 1414 ubi
1338 1371 1487 1413 dicitur
1523 1383 1608 1412 me-

130 1441 271 1483 liorem
319 1454 475 1495 semper
515 1441 705 1484 deteriori
745 1442 955 1496 imperare.
1017 1442 1059 1484 in
1090 1441 1275 1496 sequenti
1315 1440 1490 1484 sectione
1531 1440 1607 1482 Ni-

134 1511 263 1553 cocles
293 1511 459 1553 iubetur
489 1512 807 1569 φιλάνθρωπος
838 1515 879 1554 et
909 1512 1146 1570 φιλόπολις
1175 1525 1272 1562 esse,
1303 1512 1438 1554 confer
1469 1511 1611 1553 Dionis

128 1581 161 1632 I,
205 1586 259 1624 20
301 1583 343 1623 et
383 1587 451 1624 28.
514 1582 618 1635 quod
664 1583 859 1625 Isocrates
904 1583 928 1636 ξ,
977 1589 1029 1626 15
1081 1582 1183 1624 dicit
1227 1594 1343 1632 eum,
1390 1581 1461 1635 qui
1507 1581 1610 1623 alios

128 1653 265 1705 negat,
312 1665 407 1693 cura
452 1665 590 1694 eorum
638 1652 830 1695 delectari
876 1653 1040 1702 debere,
1091 1652 1243 1694 similia
1283 1652 1464 1693 invenies
1502 1650 1609 1704 apud

129 1721 301 1762 Dionem
342 1722 426 1772 ΙΠ,
459 1728 527 1765 56.
589 1722 733 1776 optimi
775 1722 881 1764 cives
920 1722 1137 1764 honoribus
1176 1721 1428 1771 afficiuntur,
1470 1733 1610 1762 omnes

127 1804 151 1833 a
182 1804 274 1846 rege
306 1794 519 1834 curantur:
556 1793 615 1834 sic
645 1793 841 1850 isocrates
870 1793 894 1847 ἓ
927 1798 994 1843 16,
1042 1793 1120 1835 Dio
1150 1793 1191 1842 I,
1224 1799 1291 1835 17.
1355 1792 1403 1834 de
1443 1792 1607 1834 deorum

126 1862 383 1903 veneratione
414 1862 608 1904 similiter
637 1863 833 1905 Isocrates
863 1865 889 1915 ξ
922 1869 990 1913 20,
1039 1863 1115 1904 Dio
1143 1863 1219 1912 ΠΙ,
1252 1868 1318 1905 52.
1382 1874 1451 1903 rex
1490 1861 1610 1903 debet

127 1943 211 1973 esse
251 1931 466 1974 bellicosus
496 1934 538 1974 et
569 1933 677 1986 pacis
706 1945 845 1975 amans
875 1933 918 1988 (ξ
950 1933 1042 1987 24);
1089 1933 1138 1974 cf.
1171 1932 1314 1974 Dionis
1332 1932 1408 1981 III,
1440 1937 1508 1974 27.
1560 1931 1609 1973 de

128 2001 348 2043 amicorum
389 2015 464 2044 usu
502 2003 622 2044 Isocr.
656 2003 679 2056 ἓ
710 2010 779 2052 27,
822 2003 898 2044 Dio
936 2003 1018 2053 ΠΙ,
1051 2009 1119 2045 89.
1180 2002 1311 2043 multa
1356 2015 1491 2055 regem
1538 2014 1609 2054 per

127 2071 227 2113 alios
257 2070 386 2113 facere
418 2085 575 2114 necesse
607 2074 680 2123 est,
710 2073 829 2115 Isocr.
852 2073 876 2127 ἓ
899 2079 967 2123 27,
999 2073 1076 2114 Dio
1096 2073 1171 2122 111,
1200 2078 1268 2114 87.
1330 2085 1397 2113 rex
1428 2072 1492 2113 sui
1523 2072 1608 2125 ipse

126 2142 269 2193 potens
307 2141 382 2190 sit,
429 2142 548 2184 Isocr.
580 2143 604 2196 ἓ
635 2148 712 2193 29;
759 2155 944 2196 compara
983 2155 1075 2184 cum
1117 2143 1259 2184 Dionis
1294 2143 1334 2192 I,
1376 2147 1440 2183 14.
1503 2143 1608 2196 regis

127 2210 376 2253 continentia
416 2211 572 2254 civibus
613 2212 796 2267 exemplo
834 2212 912 2255 sit:
956 2213 1079 2255 Isocr.
1112 2214 1138 2266 ξ
1171 2218 1221 2256 31
1258 2215 1299 2254 et
1337 2225 1393 2254 or.
1424 2212 1505 2262 III,
1539 2218 1607 2262 37,

128 2279 206 2322 Dio
235 2280 310 2330 III,
344 2286 381 2324 7.
444 2282 627 2335 pulchris
658 2283 912 2326 vestimentis
942 2284 1104 2336 utatur3
1151 2295 1337 2338 compara
1364 2283 1483 2325 Isocr.
1506 2283 1529 2336 ξ
1552 2287 1606 2326 32

126 2363 218 2393 cum
252 2351 393 2393 Dionis
422 2352 486 2401 ΙΙ,
519 2358 589 2395 49.
650 2353 817 2396 fortasse
848 2353 973 2395 etiam
1005 2354 1226 2407 comparari
1266 2355 1401 2407 potest
1440 2353 1607 2394 initium

126 2421 246 2464 Isocr.
277 2422 472 2464 orationis
501 2423 670 2466 alterius
701 2437 791 2466 cum
826 2424 967 2467 Dionis
997 2424 1177 2467 oratione
1208 2424 1351 2478 prima,
1382 2436 1475 2466 cum
1496 2427 1608 2465 uter-

127 2504 204 2546 que
242 2492 412 2545 scriptor
450 2504 610 2535 causam
642 2494 841 2547 proferat,
882 2494 930 2535 de
961 2507 1040 2548 qua
1070 2495 1119 2536 ad
1149 2494 1374 2548 principem
1417 2494 1464 2535 de
1505 2494 1608 2536 bono

126 2576 220 2618 rege
252 2562 449 2617 loquatur.
513 2562 605 2606 vide
636 2567 774 2608 autem
795 2567 992 2621 quantum
1022 2565 1146 2608 distet
1168 2565 1310 2607 Dionis
1331 2565 1528 2607 modestia
1556 2564 1607 2607 ab

125 2634 315 2676 Isocratis
335 2632 588 2675 confidentia.
648 2635 718 2677 sed
738 2635 804 2678 his
834 2637 883 2677 de
913 2648 1037 2690 regno
1066 2635 1167 2682 locis
1198 2636 1294 2677 solis
1315 2635 1395 2677 nisi
1414 2635 1503 2677 fieri
1529 2647 1608 2677 non

124 2706 272 2757 potest,
303 2707 350 2747 ut
377 2704 596 2747 Isocratem
629 2705 772 2748 Dionis
803 2706 957 2748 fontem
978 2719 1062 2750 esse
1084 2706 1384 2756 contendamus,
1415 2706 1606 2759 primum,
