1772 2936
835 48 891 88 54

114 184 153 225 p.
190 177 420 214 112-117
456 183 533 213 non
566 171 753 225 contigit,
785 173 833 213 ut
862 171 960 213 haec
993 171 1130 213 omnia
1161 183 1251 212 vere
1283 171 1487 224 Diogenea
1517 182 1604 212 esse

116 239 407 294 comprobaret,
438 252 685 294 quamquam
718 240 939 283 verisimile
979 242 1041 282 est
1071 240 1293 294 Diogenem
1333 239 1433 282 talia
1462 239 1603 282 fecisse

117 312 160 352 et
190 309 349 352 dixisse.
411 309 542 351 Zeller
586 312 724 352 autem
770 310 891 352 aliter
936 310 1115 360 censuit,
1162 309 1233 362 qui
1273 309 1345 351 has
1383 309 1607 351 sententias

117 378 339 434 Chrysippo
370 378 505 422 Stoico
526 378 739 433 adscripsit
759 379 818 433 (ΙΙ
841 379 870 430 ²,
904 385 942 431 2,
973 393 1011 434 p.
1037 385 1134 430 299,
1166 392 1205 421 n.
1229 379 1284 433 3).
1327 378 1394 421 sed
1426 391 1476 420 110
1506 379 1606 420 11300

117 448 283 502 quidem
315 462 363 490 ex
392 461 474 491 uno
506 448 697 491 continuo
722 449 832 491 fonte
855 450 1026 490 Dionem
1061 449 1237 491 hausisse
1269 448 1455 502 equidem
1485 449 1604 501 puta-

118 518 260 561 verim.
323 519 348 572 §
383 523 434 560 16
468 518 546 560 Dio
578 519 715 560 narrat
745 518 794 560 de
824 518 1014 572 Diogene,
1047 518 1148 560 item
1179 519 1203 572 ξ
1236 525 1287 561 17
1321 517 1453 560 initio.
1513 518 1605 559 tum

116 587 213 630 inde
238 590 266 630 'a
297 588 431 630 verbis
460 587 571 630 ἀλλὰ
601 585 773 639 παίζων
803 584 917 642 ἔλεγε
937 600 1062 642 usque
1082 587 1132 630 ad
1153 588 1391 638 καλοῦντας
1412 586 1607 641 Diogenis

123 658 280 700 dictum
312 658 448 707 refert,
480 658 583 712 quod
615 658 756 700 statim
788 658 1011 711 Diogenem
1044 657 1177 711 ipsum
1209 657 1316 699 facto
1347 657 1605 710 comproban-

120 729 206 770 tem
248 726 360 769 facit.
421 727 605 781 sequitur
636 726 684 769 de
715 727 822 769 bello
853 726 1025 769 Troiano
1056 726 1211 769 dictum
1243 727 1315 779 (17
1349 728 1391 768 et
1424 727 1517 780 18),
1557 725 1607 766 de

119 796 300 850 piscibus
330 796 436 851 (18),
468 796 517 838 de
548 797 761 839 hominum
792 796 994 847 stultitia,
1034 797 1105 850 qui
1134 809 1206 850 pro
1237 797 1312 838 1130
1342 808 1385 837 10
1417 807 1606 849 magnam

118 865 333 919 pecuniam
372 865 530 907 solvant
560 866 674 920 (19),
716 866 886 920 denique
926 868 1111 907 narratur
1151 865 1288 908 fabula
1327 866 1519 907 obscoena
1559 864 1607 905 de

121 936 230 976 Pane
262 936 366 988 (20).
430 947 532 988 quae
563 947 807 989 quamquam
839 935 975 977 omnia
1005 936 1053 976 de
1086 935 1225 977 eadem
1257 948 1298 977 re
1329 936 1436 984 sunt,
1468 935 1606 976 tamen

121 1004 352 1054 diversiora,
384 1016 506 1058 quam
527 1006 576 1047 ut
605 1005 665 1047 sic
696 1017 718 1047 e
739 1005 850 1047 fonte
875 1005 1036 1047 fluxisse
1057 1006 1208 1058 putem.
1259 1006 1464 1058 praeterea
1494 1001 1610 1058 ἔλεγε

123 1073 226 1116 illud
249 1073 492 1127 compluries
512 1074 735 1127 repetitum
766 1075 1110 1129 apophthegmata
1139 1075 1286 1116 collata
1316 1074 1481 1116 indicat.
1528 1086 1610 1115 uno

123 1144 261 1185 autem
292 1143 381 1185 loco
411 1142 579 1186 fortasse
612 1143 756 1186 Dionis
786 1146 923 1186 auctor
954 1144 1085 1186 adhuc
1116 1144 1301 1198 cognosci
1331 1145 1484 1197 potest,
1516 1156 1608 1185 cum

123 1213 200 1255 Dio
231 1213 256 1266 ξ
288 1218 342 1255 18
384 1212 494 1254 1110111
534 1212 740 1255 similibus
769 1213 902 1255 verbis
934 1213 982 1255 de
1012 1213 1191 1266 piscibus
1221 1213 1449 1266 exemplum
1480 1213 1609 1260 affert,

122 1282 229 1337 quod
259 1282 485 1335 Xenophon
517 1283 690 1335 Apomn.
724 1283 756 1332 I,
794 1288 833 1332 2,
868 1288 921 1325 30
954 1283 1002 1324 de
1033 1283 1185 1325 suibus.
1247 1283 1295 1324 de
1326 1282 1472 1324 ceteris
1503 1281 1608 1323 nihil

123 1351 258 1394 dicere
298 1363 481 1404 possum,
528 1364 620 1393 cum
661 1352 862 1394 incertum
900 1352 978 1401 sit,
1025 1365 1124 1394 num
1159 1352 1233 1394 Dio
1265 1352 1388 1393 Panis
1428 1351 1608 1393 fabulam

124 1433 146 1462 e
176 1419 535 1474 pseudotragoedia
565 1421 703 1475 cynica
734 1422 952 1474 sumpserit
981 1421 1048 1474 (cf.
1082 1421 1229 1463 Weber
1260 1422 1287 1462 1.
1320 1422 1376 1475 1.).

212 1490 236 1542 ξ
264 1494 365 1530 21-
383 1494 439 1531 34
463 1489 661 1542 Diogenes
690 1489 819 1532 vitam
850 1491 1070 1532 bestiarum
1103 1490 1337 1531 hominibus
1367 1489 1608 1531 imitandam

124 1558 324 1613 proponit.
366 1571 494 1612 neque
525 1559 629 1600 hanc
659 1562 815 1612 partem
836 1560 986 1601 Weber
1007 1560 1062 1612 (p.
1088 1565 1170 1602 106
1181 1561 1284 1613 sqq.)
1315 1559 1364 1600 ad
1386 1559 1610 1612 Diogenem

125 1627 255 1670 redire
286 1627 386 1669 satis
416 1629 525 1669 certa
555 1628 710 1670 ratione
756 1628 1066 1678 demonstravit,
1112 1631 1154 1670 et
1193 1640 1286 1670 sane
1323 1627 1510 1670 mirabile
1550 1628 1614 1670 est

125 1697 286 1741 nullum
318 1710 339 1739 e
370 1710 517 1752 magno
548 1697 623 1740 illo
653 1711 822 1740 numero
853 1699 1151 1753 exemplorum,
1193 1711 1294 1751 quae
1328 1698 1404 1740 Dio
1435 1699 1613 1751 praebet,

125 1767 232 1821 apud
272 1767 401 1808 alium
442 1768 630 1822 cynicum
670 1769 906 1821 scriptorem
946 1768 1134 1810 inveniri.
1199 1780 1292 1809 nam
1332 1779 1432 1821 quae
1465 1766 1615 1808 Weber

126 1850 165 1890 p.
203 1843 282 1878 111
332 1836 469 1886 affert,
515 1836 565 1878 ad
604 1837 775 1879 Dionem
821 1838 888 1879 vix
933 1839 1132 1890 quadrant
1176 1849 1305 1890 neque
1351 1836 1400 1877 ad
1447 1836 1616 1890 Cynicos

126 1904 281 1958 (apium
314 1904 481 1946 civitate
513 1905 637 1947 multi
669 1906 851 1959 exemplo
882 1907 945 1948 usi
983 1908 1095 1956 sunt,
1138 1907 1195 1948 sie
1234 1906 1359 1947 etiam
1390 1905 1613 1958 Xenophon

126 1974 219 2028 plus
249 1986 331 2016 uno
373 1974 491 2025 loco).
554 1974 742 2028 equidem
788 1988 1030 2029 quamquam
1076 1975 1251 2017 libenter
1297 1974 1467 2016 concedo
1512 1974 1615 2016 hanc

127 2045 284 2097 partem
315 2055 340 2084 a
360 2042 602 2097 Cynicorum
635 2056 745 2086 more
776 2044 951 2086 alienam
984 2056 1062 2086 non
1093 2056 1191 2093 esse,
1221 2044 1383 2098 longius
1414 2057 1491 2086 non
1523 2056 1614 2097 pro-

128 2112 301 2168 grediar,
334 2113 523 2167 quoniam
547 2114 595 2156 de
618 2126 697 2156 uno
718 2114 829 2156 fonte
849 2127 899 2156 ne
920 2114 987 2156 hic
1007 2114 1172 2168 quidem
1193 2114 1381 2168 cogitem.
1434 2113 1615 2155 eiusdem

130 2182 241 2224 enim
261 2182 423 2236 generis
454 2183 553 2225 haec
584 2196 675 2237 pars
705 2185 778 2233 est,
810 2184 925 2226 cuius
957 2196 1058 2237 quae
1089 2183 1343 2226 antecedunt.
1396 2184 1615 2238 §21—25

129 2252 233 2294 bene
272 2252 499 2295 cohaerent.
552 2255 642 2296 tum
684 2253 843 2296 videtur
877 2254 902 2308 ἓ
933 2260 988 2297 26
1037 2254 1219 2308 dialogus
1264 2266 1347 2296 esse
1387 2251 1518 2308 (ἔλεγε
1548 2286 1558 2295 .
1576 2286 1586 2295 .
1604 2285 1614 2295 .

115 2314 352 2377 ἀντέλεγε),
383 2323 483 2376 §27
518 2320 769 2375 ἐπεδείκνυε,
801 2323 909 2365 1110111
941 2324 965 2378 ἓ
989 2329 1056 2367 28.
1101 2324 1202 2377 §30
1213 2336 1270 2378 sq.
1291 2324 1488 2374 narratur,
1519 2322 1617 2378 quid

132 2392 332 2446 Diogenes
363 2393 518 2434 fecerit.
559 2393 584 2446 ξ
616 2399 670 2435 32
704 2395 766 2435 est
795 2390 891 2450 ἔφη,
922 2395 1024 2447 §34
1055 2393 1312 2446 ἐθαύμαζεν.
1364 2406 1495 2436 11011110
1518 2394 1619 2435 haec

131 2461 270 2504 eodem
311 2461 429 2504 modo
458 2474 483 2504 a
514 2462 642 2504 Dione
681 2463 902 2516 composita
948 2465 990 2505 et
1035 2463 1238 2505 elaborata
1283 2462 1492 2514 videntur,
1539 2474 1620 2516 quo

131 2532 155 2584 ἓ
187 2533 364 2574 8—15?
413 2533 494 2573 iam
528 2533 572 2573 E.
594 2532 746 2573 Weber
776 2545 815 2585 p.
850 2539 902 2575 97
936 2532 1150 2574 nonnullas
1179 2533 1401 2575 sententias
1431 2533 1475 2574 in
1505 2533 1618 2573 utra-

131 2613 209 2654 que
239 2602 353 2654 parte
392 2614 596 2655 expressas
635 2613 719 2643 esse
759 2601 876 2643 dixit.
937 2602 986 2645 cf.
1021 2602 1131 2643 enim
1162 2602 1186 2655 ξ
1219 2607 1294 2644 13:
1342 2601 1495 2644 bestiae
1525 2612 1619 2653 gra-

129 2670 337 2722 minibus,
369 2670 501 2722 foliis,
533 2683 635 2725 aqua
667 2671 932 2714 delectantur.
994 2670 1103 2713 idem
1142 2672 1204 2714 est
1233 2672 1258 2725 §
1289 2676 1357 2713 22.
1419 2670 1443 2723 ἓ
1476 2675 1526 2711 11
1539 2681 1618 2723 sq.:
