1772 2936
847 35 911 73 58-

131 160 398 202 moratiouem
429 160 471 213 (§
505 161 577 212 30)
618 159 745 201 ullius
784 160 982 202 momenti
1023 172 1106 202 esse
1143 159 1191 201 ad
1223 159 1369 201 Dionis
1407 161 1612 201 auctorem

131 228 449 284 cognoscendum
483 242 601 272 nemo
622 229 826 279 concedet,
858 230 953 285 quin
975 232 1094 273 antea
1114 230 1334 273 orationem
1357 228 1616 272 Antisthenis

130 311 215 341 esse
246 299 325 341 sibi
348 300 601 352 persuaserit.
668 312 744 341 non
767 300 900 342 facilis
931 300 1101 354 denique
1133 301 1194 341 est
1223 300 1272 340 ab
1301 298 1615 340 Atheniensium

131 369 340 423 republica
369 368 477 411 male
509 369 794 412 administrata
825 371 873 412 ad
906 373 1014 412 recte
1045 369 1239 424 regnandi
1270 371 1396 411 artem
1419 369 1617 410 transitus

131 439 438 492 (Antisthenica
466 452 504 493 p.
543 441 626 493 10).
689 440 756 481 sed
788 440 887 481 satis
917 440 965 480 de
998 440 1073 481 hoc
1109 439 1261 481 libello.
1323 441 1482 492 postea,
1522 449 1617 479 cum

132 508 338 552 Susemihl
370 509 652 564 (Fleckeisens
668 508 828 562 jahrbb.
851 510 974 559 1887,
996 509 1070 551 vol.
1092 512 1184 560 135,
1204 523 1246 561 p.
1268 511 1355 552 207
1374 522 1457 562 sqq.
1463 510 1493 559 ),
1525 520 1616 562 pro-

133 580 227 622 bata
257 581 436 622 ceterum
469 578 724 621 Duemmleri
755 579 984 621 coniectura
1013 579 1260 621 Archelaum
1292 578 1496 633 dialogum
1528 579 1616 620 An-

134 649 330 691 tisthenis
360 662 440 691 non
472 662 556 690 esse
586 649 764 697 dixisset,
796 649 1035 690 Duemmler
1061 649 1102 689 in
1125 648 1381 690 Academicis
1410 661 1448 701 p.
1475 653 1613 689 1-17

134 717 283 760 iterum
325 718 373 760 (16
411 719 485 761 1136
526 731 567 760 re
607 718 704 773 egit.
767 718 962 760 tractavit
1000 718 1069 760 hic
1108 717 1185 760 duo
1226 718 1409 772 exempla
1448 731 1469 759 6
1500 728 1618 759 scena

139 789 295 842 tragica
345 788 600 842 deprompta,
652 801 754 841 quae
798 788 847 829 ad
894 787 1152 829 Antisthenis
1196 788 1442 830 Archelaum
1487 786 1618 828 redire

135 859 344 901 contendit
374 859 428 912 (p.
465 860 638 912 3—10).
701 859 734 900 I.
775 858 818 899 in
860 858 1078 912 tragoediis
1117 858 1344 900 ditissimus
1382 858 1547 911 quisque
1578 858 1619 898 et

136 928 415 970 nobilissimus
444 928 697 981 gravissimis
727 928 1032 970 calamitatibus
1062 927 1221 970 incidit.
1281 928 1335 969 II.
1377 928 1497 969 homo
1527 939 1618 968 vere

134 998 292 1052 sapiens
313 998 537 1052 comparari
558 999 690 1052 potest
721 1011 813 1040 cum
845 997 948 1041 bono
978 998 1186 1048 histrione,
1218 999 1288 1051 qui
1320 1010 1458 1040 omnes
1487 998 1620 1051 partes

135 1068 215 1109 sibi
245 1067 417 1110 traditas
446 1068 531 1110 sive
562 1069 668 1120 regis
698 1069 782 1109 sive
814 1068 992 1110 mendici
1022 1068 1160 1110 eadem
1192 1071 1277 1109 arte
1308 1068 1405 1121 agit.
1468 1080 1514 1109 ac
1534 1067 1618 1120 pri-

136 1150 249 1179 mum
282 1138 447 1191 quidem
479 1138 549 1192 qui
580 1138 678 1179 haec
709 1138 892 1191 exempla
921 1139 1040 1191 plane
1072 1138 1227 1180 diversa
1248 1137 1507 1192 comparabit,
1539 1149 1619 1179 non

137 1208 431 1261 suspicabitur,
473 1208 600 1249 immo
639 1209 860 1260 praefracte
892 1208 1058 1261 negabit
1096 1221 1142 1250 ea
1173 1208 1215 1249 in
1248 1208 1384 1249 eodem
1418 1208 1520 1248 libro
1552 1220 1619 1248 ex-

138 1277 285 1327 titisse,
318 1278 508 1330 quoniam
530 1278 573 1319 in
594 1278 726 1331 priore
748 1278 931 1320 homines
962 1279 1127 1327 actores,
1158 1278 1200 1319 in
1230 1278 1448 1331 posteriore
1480 1277 1620 1319 histri-

137 1359 232 1388 ones
261 1350 369 1388 sunt.
433 1350 474 1389 et
505 1347 695 1400 quoniam
728 1347 928 1399 posterius
957 1347 1186 1400 exemplum
1218 1346 1324 1400 apud
1344 1347 1517 1388 Dionem
1540 1358 1620 1388 non

138 1418 211 1466 est,
244 1416 360 1459 nobis
381 1429 444 1459 res
465 1419 526 1459 est
546 1418 676 1459 solum
699 1429 791 1459 cum
823 1417 967 1470 priore.
1028 1417 1136 1459 idem
1169 1417 1273 1470 quod
1305 1416 1486 1459 Socrates
1515 1415 1620 1469 apud

136 1485 312 1528 Dionem
334 1488 360 1539 ξ
383 1491 453 1537 20,
485 1486 591 1540 apud
612 1486 831 1529 Aelianum
854 1482 956 1529 dicit
975 1486 1025 1529 V.
1049 1487 1101 1530 H.
1125 1487 1179 1537 ΙΙ,
1205 1493 1254 1529 11
1276 1486 1507 1541 colloquens
1527 1498 1618 1528 cum

138 1556 401 1600 Antisthene.
464 1556 617 1599 iniuria
653 1559 789 1599 autem
821 1558 1062 1599 Duemmler
1093 1570 1140 1599 ea
1171 1557 1219 1598 de
1258 1570 1377 1599 causa
1414 1556 1622 1598 contendit

138 1626 400 1669 Antisthenis
440 1639 524 1668 esse
564 1627 640 1668 hoc
679 1626 934 1681 exemplum,
977 1639 1068 1669 nam
1101 1626 1136 1669 si
1167 1626 1349 1669 Socrates
1380 1626 1480 1669 talia
1510 1638 1621 1668 cum

139 1696 386 1739 Antisthene
417 1696 640 1739 collocutus
670 1699 743 1747 est,
775 1699 885 1739 certe
915 1710 994 1739 non
1025 1697 1156 1750 apud
1187 1697 1475 1739 Antisthenem
1507 1696 1621 1745 dixit,

138 1765 220 1807 nisi
268 1765 370 1807 forte
420 1765 550 1807 credis
591 1766 879 1808 Antisthenem
930 1766 1062 1820 ipsum
1103 1765 1145 1807 in
1186 1765 1337 1820 dialogi
1376 1778 1534 1807 scenam
1581 1777 1623 1806 se

140 1834 386 1888 produxisse.
449 1834 498 1876 de
529 1835 652 1877 tertio
681 1835 782 1886 loco,
814 1848 934 1889 quem
965 1836 1028 1878 vir
1068 1836 1209 1878 doctus
1238 1836 1367 1885 affert,
1398 1847 1524 1888 pauca
1553 1834 1624 1877 ad-

140 1903 246 1945 dam.
309 1906 371 1945 est
401 1903 445 1945 in
476 1904 609 1957 prima
640 1904 813 1956 epistula
845 1904 1047 1946 Socratica
1077 1904 1275 1957 (Socrates
1305 1904 1354 1946 ad
1377 1904 1622 1946 Archelaum

139 1973 307 2027 regem),
338 1985 460 2027 quam
480 1968 540 2015 ¹ad
571 1973 830 2015 Antisthenis
861 1973 1107 2015 Archelaum
1139 1973 1269 2015 redire
1301 1973 1440 2015 Hirzel
1462 1972 1624 2026 (dialoy

140 2041 179 2092 I,
192 2055 237 2094 p.
259 2042 366 2091 124)
388 2042 611 2093 contendit,
643 2055 681 2096 p.
706 2048 787 2085 611
814 2043 1009 2093 Hercher,
1043 2049 1064 2086 7
1099 2043 1240 2085 Orelli.
1302 2043 1369 2085 sed
1402 2043 1489 2085 loco
1519 2043 1625 2084 lecto

140 2112 209 2154 hic
246 2125 372 2166 neque
403 2112 452 2154 de
482 2125 600 2154 scena
629 2113 697 2166 agi
729 2125 859 2166 neque
890 2115 1106 2163 „nostrum
1137 2113 1305 2155 ‘ronow‘
1345 2125 1390 2155 eo
1427 2112 1624 2155 illustrari

142 2181 311 2223 videbis.
376 2194 504 2236 neque
535 2183 695 2224 cautius
722 2183 809 2236 egit
828 2182 1069 2224 Duemmler
1099 2183 1143 2224 in
1173 2183 1446 2236 sequentibus,
1478 2183 1626 2236 quibus

141 2264 199 2301 ea,
230 2263 332 2305 quae
363 2251 412 2293 de
446 2251 644 2294 Archelao
687 2251 845 2305 dialogo
881 2255 1087 2306 comperta
1118 2253 1330 2302 habemus,
1370 2265 1462 2294 cum
1494 2253 1626 2294 Dione

141 2320 309 2363 confert.
373 2320 422 2362 de
461 2321 660 2363 Archelao
690 2321 894 2363 Athenaei
923 2321 1035 2364 locus
1075 2324 1137 2364 est
1167 2322 1215 2371 V,
1248 2334 1285 2375 p.
1321 2327 1405 2365 220
1426 2323 1483 2363 D:
1525 2321 1548 2364 ὁ
1579 2320 1627 2364 δὲ

142 2390 370 2441 πολιτικὸς
402 2388 533 2433 αὐτοῦ
562 2390 856 2444 (Antisthenis)
888 2390 1088 2446 διάλογος
1118 2391 1323 2433 ἁπάντων
1353 2392 1627 2449 καταδρομὴν

143 2458 331 2515 περιέχει
369 2468 455 2501 τῶν
492 2452 704 2517 Ἀθήνησι
744 2460 1020 2517 δημαγωγῶν,
1059 2460 1083 2502 ὁ
1114 2455 1156 2502 δ’
1187 2453 1418 2517 Ἀρχέλαος
1448 2458 1627 2517 Γοργίου

141 2536 218 2572 τοῦ
247 2529 435 2586 ῥήτορος.
497 2529 547 2571 3(1
578 2530 677 2572 11366
707 2530 947 2572 Duemmler
978 2530 1080 2573 dicit
1109 2543 1148 2584 p.
1181 2537 1228 2573 2:
1264 2530 1412 2581 „sollte
1441 2531 1530 2572 sich
1561 2531 1629 2572 die

142 2598 382 2640 una‘chtheit
421 2598 493 2640 des
530 2611 690 2652 yanzen
719 2599 892 2640 zehnten
922 2600 1075 2641 bandes
1105 2600 1174 2641 des
1204 2600 1472 2642 Antisthenes
1500 2599 1628 2641 nach-

142 2668 292 2711 weisen
333 2668 470 2710 lassen
501 2701 510 2709 .
533 2701 541 2709 .
566 2701 596 2719 .,
627 2683 671 2710 so
701 2670 843 2711 warde
884 2669 952 2711 ioh
982 2670 1257 2712 Antisthenes
1298 2669 1525 2720 πολιτικός
1563 2670 1628 2712 als
