1772 2936
857 61 911 100 57

144 198 240 229 cum
278 184 433 226 Teletis
479 186 520 226 et
560 184 771 226 Plutarchi
818 184 867 226 de
910 184 1031 226 exilio
1072 184 1253 238 scriptis,
1304 184 1460 226 videbis
1509 183 1627 238 plane

148 255 305 298 diversa
334 267 432 297 esse.
473 255 638 297 omnino
669 268 762 297 cum
783 255 847 297 his
877 255 1039 309 scriptis
1059 255 1204 297 Dionis
1223 256 1351 297 oratio
1380 255 1486 297 nihil
1516 267 1625 297 com-

146 337 269 367 mune
297 325 433 366 habet.
494 337 594 379 quae
625 324 706 367 Dio
745 325 861 366 affert
897 324 1081 378 exempla
1111 336 1158 366 ex
1189 324 1389 374 Homero,
1420 324 1625 377 Euripide,

146 394 364 444 Herodoto,
394 397 561 448 possunt
589 407 661 436 sua
692 407 789 436 esse.
845 407 925 436 uno
955 395 1090 436 autem
1122 394 1209 435 loco
1239 394 1288 435 de
1317 394 1428 436 fonte
1458 394 1625 436 fortasse

145 464 284 518 cynico
325 465 498 518 cogites,
537 465 561 518 ξ
595 470 638 513 7,
678 464 749 506 ubi
779 464 860 506 Dio
898 464 1103 506 oraculum
1136 463 1278 506 Croeso
1317 464 1458 506 datum
1496 464 1624 506 inter-

144 535 327 587 pretatur
357 534 484 587 (exuli
514 546 591 575 non
623 534 915 586 respiciendam
946 546 1030 575 esse
1056 533 1185 584 δόξαν
1216 534 1339 588 παρὰ
1368 542 1454 575 τῶν
1484 533 1624 575 ἄλλων

144 603 194 645 cf.
227 603 437 645 Plutarchi
468 602 569 658 περὶ
599 611 736 660 φυγῆς
766 616 799 645 c.
823 603 912 653 XV,
944 616 982 657 p.
1007 608 1088 646 605
1108 603 1177 657 1)).
1238 603 1306 645 sed
1337 603 1436 646 satis
1467 603 1515 646 de
1547 604 1623 646 hac

143 675 269 727 parte.
330 675 420 715 tum
451 673 530 715 Dio
570 673 620 715 ab
652 673 811 715 oraculo
846 674 895 716 ad
933 673 1227 727 philosophiam
1268 675 1455 716 vocatum
1476 675 1509 729 1)
1548 673 1622 716 vili

145 743 387 785 vestimento
418 744 607 785 indutum
638 756 710 797 per
740 744 858 785 urbes
894 746 935 785 et
974 745 1100 785 terras
1130 743 1314 786 homines
1345 745 1395 786 ad
1426 745 1622 786 virtutem

142 825 187 854 se
216 813 474 855 adhortatum
505 826 589 855 esse
620 815 756 855 narrat
784 815 828 867 (ξ
860 815 1033 867 9-13).

230 883 334 924 Tum
375 883 555 936 sequitur
596 883 745 925 nobilis
785 883 857 925 ille
888 883 998 925 locus
1029 884 1052 937 ξ
1086 889 1271 926 14-28,
1333 886 1453 937 atque
1489 883 1621 936 prius-

145 964 267 1005 quam
295 952 518 994 orationem
556 952 684 1006 ipsam
727 953 867 995 adeam
907 955 949 995 et
979 966 1079 1007 quae
1110 953 1158 995 de
1190 954 1276 996 eius
1306 954 1485 996 fontibus
1516 953 1621 995 mihi

143 1022 310 1064 dicenda
350 1024 465 1070 sunt,
511 1023 732 1075 proferam,
779 1036 827 1064 ex
865 1036 908 1064 re
947 1023 1105 1064 videtur
1145 1025 1347 1065 accurate'
1370 1036 1488 1077 agere
1527 1036 1620 1065 cum

141 1091 394 1134 Ferdinando
428 1092 662 1134 Duemmler
680 1094 734 1147 2),
778 1093 850 1146 qui
895 1092 943 1134 de
983 1092 1242 1146 Clitophonte
1283 1105 1412 1146 neque
1450 1092 1492 1133 in
1534 1093 1620 1134 An-

140 1162 372 1204 tisthenicis
411 1174 538 1215 neque
577 1163 621 1203 in
662 1163 917 1204 Academicis
955 1163 1168 1215 cogitavit,
1213 1163 1403 1216 quoniam
1445 1163 1531 1204 cius
1572 1162 1620 1204 de

142 1232 218 1274 hac
246 1233 360 1285 parte
401 1231 601 1274 sententia
641 1232 874 1274 etiamnunc
905 1231 1163 1286 Clitophonte
1194 1233 1278 1275 iam
1308 1231 1463 1286 pridem
1495 1231 1620 1274 allato

141 1302 245 1355 apud
284 1303 494 1355 plerosque
533 1302 666 1343 valere
707 1303 878 1344 videtur.
939 1303 1025 1356 egit
1056 1303 1292 1344 Duemmler
1331 1302 1378 1343 de
1417 1303 1493 1343 hac
1531 1313 1619 1343 ora·

142 1372 251 1415 tione
297 1372 474 1426 primum
521 1372 564 1414 in
611 1372 908 1415 Antisthenicis
953 1386 990 1426 p.
1032 1379 1057 1416 8
1089 1387 1172 1427 sqq.
1249 1386 1328 1426 quo
1378 1373 1463 1414 loco
1513 1371 1617 1426 quod

139 1455 179 1496 p.
215 1449 238 1484 9
280 1442 381 1483 dicit
420 1443 640 1483 orationem
680 1443 784 1484 XIII
813 1455 891 1484 non
936 1445 984 1484 ut
1027 1443 1127 1484 alias
1174 1443 1314 1484 Dionis
1359 1442 1557 1484 orationes
1595 1454 1619 1483 e

141 1512 264 1554 variis
295 1512 525 1555 auctoribus
555 1513 870 1555 contaminatam
901 1526 985 1554 esse
1015 1525 1146 1566 posse,
1192 1512 1292 1554 dicit
1322 1511 1507 1565 quidem,
1548 1511 1617 1553 sed

142 1595 220 1623 non
282 1582 582 1625 demonstravit.
647 1583 814 1633 (iniuria
867 1595 921 1624 or.
959 1583 1023 1624 III
1071 1582 1234 1632 attulit,
1289 1594 1410 1635 quam
1463 1582 1617 1635 perfec-

136 1654 222 1693 tam
265 1652 443 1693 nondum
483 1653 605 1693 fuisse
641 1653 879 1705 ostendam.)
939 1666 1017 1705 qua
1062 1654 1106 1693 in
1147 1666 1188 1693 re
1232 1652 1387 1693 videbis
1417 1652 1615 1692 Duemm-

138 1721 269 1764 lerum
300 1721 432 1776 ipsum
465 1722 583 1775 plane
615 1721 692 1764 sibi
725 1722 1007 1764 contradicere.
1069 1721 1174 1775 quod
1206 1721 1346 1763 deinde
1386 1721 1537 1763 attinet
1565 1721 1615 1762 ad

137 1792 300 1846 cynicae
339 1792 615 1844 philosophiae
655 1792 846 1852 vestigia,
888 1804 989 1844 quae
1020 1792 1258 1832 Duemmler
1297 1790 1495 1832 invenisse
1535 1790 1616 1832 sibi

138 1861 247 1904 visus
278 1863 359 1912 est,
402 1862 502 1903 item
533 1863 642 1904 certa
672 1862 827 1905 ratione
857 1875 904 1904 ea
934 1875 1010 1904 non
1043 1861 1213 1916 aperuit.
1275 1874 1368 1903 nam
1399 1860 1504 1914 quod
1534 1861 1615 1903 Dio

135 1931 377 1985 Cynicorum
399 1944 507 1972 more
529 1932 723 1984 loquitur,
745 1933 1053 1973 Duemmlerum
1070 1932 1239 1973 minime
1256 1931 1450 1972 offendere
1471 1932 1615 1984 potest,

134 2001 204 2043 cui
234 2001 314 2043 Dio
344 2014 559 2056 germanus
589 2002 762 2056 Cynicus
793 2005 854 2044 est
885 2003 940 2055 (p.
972 2003 1057 2056 73).
1119 2003 1242 2043 restat
1272 2002 1464 2054 temporis
1493 2013 1614 2055 argu-

136 2074 334 2121 mentum,
366 2072 470 2125 quod
494 2072 555 2113 vir
576 2072 716 2113 doctus
738 2085 785 2113 ex
804 2085 940 2127 pugna
960 2072 1063 2126 apud
1081 2071 1254 2114 Cnidum
1274 2071 1382 2113 facta
1402 2072 1615 2124 depromp-

134 2142 205 2184 sit.
268 2142 337 2184 sed
377 2156 506 2196 neque
537 2143 612 2184 hoc
642 2143 861 2197 quidquam
892 2143 1192 2196 comprobatur,
1231 2142 1310 2184 Dio
1349 2141 1453 2195 apud
1483 2140 1615 2183 Athe-

137 2211 294 2253 nienses
323 2224 368 2253 ea
389 2213 525 2265 elegit,
558 2225 657 2266 quae
688 2213 1005 2267 praeclarissime
1026 2225 1049 2253 a
1069 2225 1111 2254 se
1132 2213 1237 2254 facta
1267 2211 1492 2253 censebant.
1536 2211 1613 2251 Ar·

145 2280 276 2322 chelai
307 2283 443 2324 autem
473 2283 581 2336 regis
611 2283 920 2337 notissimaeque
951 2282 1065 2324 illius
1082 2280 1404 2324 narratiunculae
1435 2291 1614 2322 comme-

230 2420 265 2463 1)
292 2419 367 2463 Qua
391 2421 428 2456 in
454 2432 491 2456 re
511 2421 577 2456 Dio
603 2422 676 2457 sine
701 2422 805 2457 dubio
824 2421 999 2457 Socratem
1023 2422 1192 2465 imitatur,
1218 2421 1316 2455 cuius
1340 2420 1512 2455 aemulum
1537 2431 1614 2455 eum

135 2479 240 2527 fuisse
264 2491 374 2524 nuper
397 2480 515 2514 Hirzel
540 2480 668 2515 diserte
693 2481 944 2516 demonstravit
967 2481 1047 2523 (der
1071 2480 1194 2523 dialog]
1218 2480 1274 2522 II,
1299 2481 1359 2522 89,
1383 2480 1426 2523 2)
1449 2479 1492 2513 cf.
1512 2490 1541 2513 e.
1560 2490 1613 2522 gr.

134 2537 327 2584 apologiam
352 2548 400 2573 or.
426 2537 547 2573 XLIV.

227 2597 263 2639 2)
288 2595 395 2639 Quem
420 2597 531 2631 virum
556 2597 792 2632 doctissimum
816 2599 1036 2643 praematura
1059 2598 1169 2631 morte
1193 2608 1303 2641 nuper
1327 2597 1419 2631 vitae
1443 2599 1480 2630 et
1504 2596 1614 2641 philo-

131 2655 243 2700 logiae
266 2656 422 2702 ereptum
446 2666 520 2690 esse
545 2666 620 2690 sero
645 2656 757 2702 accepi
782 2656 900 2702 paucis
925 2655 1044 2690 diebus
1078 2656 1159 2690 ante
1183 2654 1312 2689 editam
1337 2654 1426 2689 hanc
1450 2653 1615 2689 disserta-

131 2713 272 2749 tionem.
