1772 2936
844 91 898 128 33

126 216 315 268 πολλοὺς
354 215 504 272 λόγους
547 211 625 257 καὶ
669 229 834 257 παντο-

124 288 296 339 δαποὺς
324 283 631 343 συγκειμένους.

216 369 294 414 Sed
324 369 407 412 iam
437 367 538 411 satis
567 366 724 409 dictum
757 366 915 409 videtur
946 365 995 408 de
1026 365 1208 416 Platone,
1241 378 1335 408 nam
1366 378 1610 420 quamquam

125 442 235 484 certe
255 438 388 482 multa
408 436 607 480 eiusmodi
627 436 759 479 adhuc
787 437 930 487 latent,
961 436 1060 477 haec
1089 435 1298 478 sufficiunt
1328 434 1378 478 ad
1399 434 1609 478 illustran-

125 511 221 554 dam
248 508 429 552 Platonis
459 506 564 561 apud
595 506 768 550 Dionem
799 506 1097 549 auctoritatem.

215 637 264 681 b.
314 634 395 679 DE
440 631 735 678 AESCHINE
782 631 1121 679 socRA'rIco,
1198 633 1320 675 Hunc
1369 631 1608 687 scriptorem

128 707 251 749 Dioni
286 706 429 747 notum
468 705 592 746 fuisse
622 717 750 746 unum
780 704 1062 746 testimonium
1102 705 1238 754 extat,
1277 703 1390 745 locus
1428 704 1609 757 graviter

121 777 335 830 corruptus
365 777 407 817 et
425 787 450 817 a
469 774 745 829 compluribus
764 774 864 817 viris
885 774 1012 817 doctis
1041 774 1125 816 iam
1154 774 1348 816 tentatus.
1409 786 1532 827 quem
1561 775 1610 816 ut

122 846 293 897 adirem,
325 844 575 887 adduxerunt
606 857 671 886 me
701 844 835 886 studia
866 844 989 886 amici
1009 844 1178 886 Henrici
1200 843 1391 894 Dittmar,
1422 843 1493 898 qui
1518 845 1609 897 post

122 916 171 960 G.
193 916 238 959 F.
261 916 469 958 Hermann
501 914 629 957 denuo
649 914 865 957 Aeschinis
886 914 1080 957 Socratici
1111 913 1339 968 fragmenta
1364 913 1608 956 collecturus

124 1000 184 1038 ea,
216 998 317 1040 quae
348 985 479 1027 adhuc
509 984 557 1026 de
588 984 724 1039 Anyto
755 986 797 1027 et
827 984 1003 1039 Telauge
1033 985 1238 1038 comperta
1258 983 1414 1034 habuit,
1447 996 1607 1026 mecum

122 1055 453 1100 communicavit.
1311 1058 1315 1064 '

213 1127 261 1169 In
294 1125 473 1169 oratione
504 1124 574 1167 LV
605 1124 699 1167 inde
729 1137 753 1167 a
783 1125 807 1178 g
841 1130 891 1167 13
927 1124 975 1166 de
1004 1124 1184 1178 personis
1213 1123 1370 1178 agitur,
1401 1137 1502 1178 quas
1532 1124 1606 1167 So-

120 1198 255 1238 crates
294 1199 336 1238 et
365 1196 566 1237 Homerus
607 1194 826 1237 inducunt:
867 1193 1098 1251 Σωκράτης
1137 1193 1184 1236 δὲ
1215 1193 1413 1248 ἐνόμιζεν,
1457 1194 1607 1245 ὁσάκις

124 1265 202 1320 μὲν
232 1264 418 1318 ἀλαζόνα
439 1264 675 1320 ἄνθρωπον
694 1261 864 1319 εἰσάγει,
896 1262 998 1321 περὶ
1019 1261 1269 1316 ἀλαζονείας
1289 1262 1441 1319 λέγειν·
1474 1264 1607 1307 ὁπότε

126 1335 174 1378 δὲ
204 1333 482 1388 ἀναίσχυντον
513 1333 589 1377 καὶ
618 1333 831 1390 βδελυρόν,
874 1333 976 1391 περὶ
1007 1331 1226 1384 ἀναιδείας
1255 1333 1330 1377 καὶ
1360 1332 1603 1391 βδελυρίας·

124 1404 259 1448 ὁπότε
298 1403 345 1447 δὲ
383 1404 606 1461 ἀγνώμονα
645 1403 722 1447 καὶ
768 1401 956 1461 ὀργίλον,
1003 1403 1298 1462 ἀγνωμοσύνης
1351 1403 1426 1447 καὶ
1479 1403 1606 1463 ὀργῆς

122 1474 390 1532 ἀποτρέπειν
421 1477 461 1530 (ς
494 1476 578 1531 13).
642 1475 785 1518 deinde
824 1474 933 1517 idem
965 1475 1188 1517 Homerum
1229 1475 1370 1518 fecisse
1410 1476 1606 1530 exemplis

125 1545 292 1588 Dolonis
323 1546 496 1588 Pandari
528 1546 621 1588 aliis
652 1546 947 1599 comprobatur.
1007 1545 1143 1599 pergit
1182 1546 1352 1599 scriptor
1381 1546 1405 1600 ἓ
1437 1552 1515 1588 22:
1555 1545 1604 1589 οὐ

123 1613 263 1658 τοίνυν
300 1614 398 1658 οὐδὲ
428 1615 660 1673 Σωκράτης
699 1614 841 1666 ἄλλως
880 1613 1028 1672 ἐχρῆτο
1068 1617 1161 1666 τοῖς
1200 1615 1342 1671 λόγοις
1379 1614 1475 1658 οὔτε
1511 1617 1605 1667 τοῖς

125 1683 483 1741 παραδείγμασιν,
515 1685 626 1728 ἀλλά
647 1720 655 1728 .
673 1720 681 1728 .
701 1720 709 1728 .
732 1687 991 1739 expectamus
1011 1685 1141 1739 igitur
1165 1685 1208 1727 in
1233 1685 1493 1739 sequentibus
1513 1698 1604 1739 per-

117 1768 239 1797 sonas
259 1755 481 1798 Socraticas
501 1756 713 1798 inductum
731 1755 796 1805 iri,
827 1768 932 1809 quae
952 1755 1002 1797 ob
1019 1755 1196 1809 aliquam
1215 1767 1374 1798 causam
1401 1769 1426 1798 a
1441 1756 1604 1799 Socrate

122 1824 366 1866 irrideantur
396 1825 460 1867 vel
490 1825 780 1879 vituperentur.
841 1825 925 1867 iam
956 1825 1183 1876 videamus,
1223 1825 1321 1879 quid
1351 1825 1400 1867 de
1430 1825 1605 1880 singulis

117 1894 203 1936 diei
233 1895 380 1948 possit:
420 1895 649 1938 afferuntur
677 1897 848 1950 Anytus,
881 1895 1081 1951 Lysicles‚
1123 1896 1226 1950 Lyco
1257 1895 1333 1949 (sic
1362 1898 1471 1939 recte
1501 1895 1603 1939 Geel

120 1964 340 2019 restituit),
379 1965 511 2008 Meno.
575 1978 670 2008 nam
701 1965 890 2022 Lysidem
921 1967 964 2009 et
994 1965 1249 2010 Charmidem
1290 1966 1479 2009 delendos
1517 1979 1603 2009 esse

120 2036 230 2077 recte
279 2035 435 2088 primus
484 2037 645 2078 monuit
696 2035 744 2079 de
775 2037 1050 2079 Wilamowitz
1101 2037 1143 2078 in
1194 2037 1369 2078 Hermae
1418 2037 1496 2080 vol.
1549 2038 1602 2088 X,

116 2117 159 2158 p.
193 2109 275 2147 143
289 2117 371 2158 sqq.
402 2104 512 2147 idem
541 2106 735 2159 probatur
766 2119 788 2148 e
818 2107 904 2148 toto
934 2106 1224 2149 sententiarum
1256 2118 1420 2149 conexu.
1482 2107 1524 2149 et
1554 2106 1603 2149 de

121 2174 293 2216 Menone
323 2173 487 2227 quidem
518 2175 626 2217 nihil
654 2175 881 2219 addendum
912 2177 985 2226 est,
1016 2175 1207 2230 quoniam
1236 2176 1323 2218 sine
1353 2176 1477 2218 dubio
1508 2176 1602 2219 Pla-

113 2244 227 2286 tonis
256 2244 422 2297 respicit
451 2245 660 2298 scriptum.

208 2311 378 2356 Gravior
409 2313 456 2356 de
478 2314 614 2370 Anyto
635 2316 817 2370 quaestio
839 2318 912 2358 est.
967 2315 1110 2358 Dionis
1140 2315 1259 2358 verba
1290 2316 1407 2358 sunt:
1438 2308 1601 2373 ’Λνύτῳ

119 2382 198 2437 μὲν
228 2384 524 2439 διαλεγόμενος
564 2385 756 2443 βυρσέων
794 2385 1002 2443 ἐμέμνητο
1041 2385 1117 2428 καὶ
1153 2385 1434 2439 σκυτοτόμων.
1497 2386 1602 2428 unde

121 2453 198 2496 Dio
228 2453 326 2496 haec
356 2454 560 2508 sumpsit?
620 2456 671 2498 de
710 2456 915 2500 sutoribus
946 2457 1065 2499 Plato
1105 2469 1197 2498 cum
1229 2455 1367 2510 Anyto
1396 2454 1598 2498 Socratem

118 2523 414 2578 colloquentem
444 2524 542 2567 facit
573 2526 734 2570 Menon.
767 2539 806 2580 p·
831 2532 887 2571 90
908 2526 953 2571 C.
1014 2529 1105 2568 Σωε
1141 2523 1196 2568 Τι’
1216 2518 1259 2568 δ’
1280 2522 1320 2568 εἰ
1340 2525 1602 2579 σκυτοτόμον

120 2593 288 2650 ἀγαθὸν
306 2591 576 2648 βουλοίμεθα
597 2589 813 2651 γενέσθαι,
844 2590 916 2654 ἆρ’
938 2596 986 2640 οὐ
1007 2598 1130 2653 παρὰ
1161 2597 1259 2647 τοὺς
1289 2596 1597 2650 σκυτοτόμους;

120 2666 216 2706 Λνε
255 2660 336 2706 ναί.
381 2663 451 2706 sed
492 2677 621 2720 neque
660 2666 806 2710 irridet
849 2679 979 2722 neque
1023 2668 1228 2722 vituperat
1267 2666 1450 2709 Socrates
1494 2679 1600 2709 eum.

108 2735 200 2776 alia
231 2737 292 2777 est
321 2747 384 2776 res
413 2735 457 2776 in
489 2735 950 2791 Pseudo-Xenophontis
980 2738 1178 2791 Apologia
1208 2740 1235 2790 ξ
1258 2742 1332 2780 29:
1364 2736 1533 2792 λέγεται
1553 2737 1602 2780 δὲ

1294 2807 1316 2842 3
