1772 2936
856 48 910 86 32

64 189 72 198 ·
132 172 165 226 ξ
187 177 256 223 11,
289 170 463 214 conferri
493 172 662 225 possunt
681 183 776 214 cum
797 170 1162 214 Pseudo-Platonis
1181 170 1360 225 Glitoph.
1380 175 1467 214 409
1490 170 1528 213 D
1547 183 1633 226 sqq.

141 242 191 284 de
221 242 395 285 fratrum
428 241 640 285 concordia
670 242 712 297 (ἓ
732 242 808 297 45)
838 241 993 285 similia
1023 241 1143 285 Plato
1172 240 1276 284 dicit
1303 240 1462 284 Menex.
1484 246 1567 284 247
1591 240 1635 284 Ο.

134 324 199 355 or.
230 312 384 362 XLIII,
417 317 443 355 8
475 313 525 354 de
556 312 708 355 Leonte
739 311 963 356 Salaminio
994 313 1075 367 (res
1106 313 1293 355 narratur
1321 311 1426 354 Xen.
1458 311 1568 355 Hell.
1599 311 1635 363 I,

136 384 275 435 5—7)
317 384 426 424 certe
466 394 547 423 non
578 394 600 423 e
630 382 922 435 Xenophonte,
963 382 1033 424 sed
1073 395 1094 424 e
1127 382 1232 424 Plat.
1264 381 1384 436 Apol.
1417 388 1472 425 32
1495 381 1526 424 C
1557 382 1636 424 Dio

136 451 290 494 hausit.
322 451 373 494 ad
405 464 461 494 or.
494 452 604 500 LHI,
644 463 746 506 quae
787 453 849 494 est
884 451 933 494 de
964 452 1162 502 Homero,
1193 452 1337 507 Hagen
1367 464 1504 494 rursus
1533 463 1635 494 non-

137 521 259 564 nulla
298 522 444 564 attulit
474 535 495 563 e
527 522 698 564 Platone
730 522 969 576 deprompta
1000 522 1110 575 (vide
1140 535 1179 576 p.
1211 529 1266 564 42
1284 525 1372 577 sq.).
1435 522 1513 569 Dio
1549 522 1635 576 ipse

139 591 357 634 Platonem
398 591 586 634 nominat
627 593 652 646 ξ
686 597 725 643 2,
763 591 983 646 respiciens
1022 591 1214 645 Reipubl.
1253 592 1318 644 II,
1350 597 1434 636 378
1458 592 1516 643 Ι);
1549 597 1632 636 386

142 662 183 704 A
214 662 263 704 Β.
316 661 359 703 in
393 660 472 703 fine
504 661 684 704 eiusdem
716 661 907 704 sectionis
938 661 1016 703 Dio
1055 662 1236 715 exemplo
1271 661 1477 715 pullorum
1521 661 1634 716 equi-

142 744 285 774 norum
319 731 465 783 utitur,
497 731 548 774 cf.
582 731 772 786 Reipubl.
803 731 856 782 X,
890 735 973 775 595
998 732 1045 774 B.
1106 733 1131 786 ἓ
1164 737 1188 775 5
1221 731 1301 775 Dio
1331 732 1516 775 Platonis
1545 744 1634 775 sen-

138 802 318 844 tentiam
349 802 484 852 affert,
525 815 626 856 quae
658 803 721 844 est
750 801 939 855 Reipubl.
972 802 1050 852 ΠΙ,
1082 807 1167 845 398
1189 802 1250 843 A:
1288 800 1423 858 ἄνδρα
1462 802 1535 859 δὴ,
1577 802 1635 853 ὡς

140 868 256 914 ἔοικε
269 904 279 923 ,
311 871 541 925 δυνάμενον
571 871 659 914 ὑπὸ
690 869 851 929 σοφίας
881 871 1169 914 παντοδαπὸν
1198 869 1422 927 γίγνεσθαι
1452 870 1530 914 καὶ
1557 888 1634 925 μι-

138 944 328 996 μεῖσθαι
375 940 522 983 πάντα
566 942 767 998 χρήματα
808 973 819 983 .
841 974 851 983 .
874 974 884 983 .
917 940 1262 996 ἀποπέμποιμέν
1305 957 1353 984 τε
1397 939 1459 992 εἰς
1504 940 1636 999 ἄλλην

141 1011 272 1054 πόλιν
301 1011 435 1068 μύρον
463 1012 578 1054 κατὰ
608 1019 685 1069 τῆς
705 1011 897 1069 κεφαλῆς
917 1009 1201 1065 καταχέαντες
1220 1010 1298 1054 καὶ
1319 1008 1420 1068 ἐρίῳ
1441 1009 1634 1068 στέψαν-

142 1097 225 1133 τες.
287 1082 332 1124 in
362 1082 443 1124 fine
474 1082 671 1125 orationis
702 1095 840 1125 rursus
869 1081 1023 1125 Minois
1061 1082 1216 1125 mentio
1252 1081 1310 1126 fit.
1374 1094 1430 1125 or,
1460 1082 1544 1133 LV,
1578 1087 1631 1125 22

140 1154 485 1195 commemoratur
525 1152 711 1195 Platonis
741 1153 875 1195 Meno.
908 1165 963 1195 or.
997 1153 1084 1202 LX,
1118 1157 1141 1194 2
1183 1152 1262 1194 Dio
1300 1152 1421 1194 unius
1456 1152 1636 1194 hominis

141 1221 337 1275 peritiam
386 1221 688 1275 praeferendam
741 1233 824 1263 esse
874 1221 976 1263 dicit
1036 1221 1256 1264 multorum
1318 1220 1634 1275 suspicionibus3

142 1291 338 1334 similiter
369 1292 489 1334 Plato
519 1291 672 1334 Criton.
695 1297 764 1334 47.
799 1303 855 1333 or.
877 1291 1023 1341 LXVI,
1056 1298 1080 1334 2
1115 1290 1192 1333 Dio
1222 1291 1389 1334 fortasse
1420 1290 1634 1333 Platonem

136 1362 343 1412 imitatur,
375 1374 469 1403 cum
499 1360 640 1402 afferat
670 1360 780 1402 idem
812 1360 1041 1414 exemplum
1063 1360 1289 1410 hominum,
1320 1360 1391 1415 qui
1410 1360 1635 1415 pecudibus

141 1444 275 1475 ramos
320 1431 555 1487 porrigunt,
601 1433 649 1474 ut
679 1444 816 1474 secum
847 1430 1018 1482 ducant,
1065 1431 1114 1474 cf.
1150 1431 1320 1474 Phaedr.
1355 1437 1440 1476 230
1462 1432 1512 1475 D.
1568 1444 1627 1475 or.

142 1504 293 1554 LXXI,
317 1508 340 1544 2
365 1502 414 1544 de
436 1501 714 1545 Wilamowitz
739 1501 913 1555 pendere
943 1501 1049 1544 vidit
1079 1503 1121 1544 et
1151 1501 1383 1544 emendavit
1413 1514 1460 1544 ex
1481 1502 1635 1556 Hippia

144 1574 199 1625 ΙΙ,
229 1586 269 1627 p.
302 1578 386 1616 368
410 1572 461 1615 G:

428 1642 567 1684 Plato:
1229 1641 1306 1683 Dio
1318 1655 1328 1682 :

198 1705 281 1764 (Ως
297 1711 587 1766 ἐπιστάμενος
599 1709 853 1761 δακτυλίους

143 1783 329 1841 γλύφειν,
361 1781 437 1824 καὶ
468 1781 602 1838 ἄλλην
631 1781 852 1839 σφραγῖδα
925 1812 935 1823 .
959 1813 968 1822 .
991 1812 1001 1823 .

133 1853 217 1896 -σὸν
247 1849 369 1910 ἔργον
398 1850 475 1895 καὶ
511 1849 737 1908 στλεγγίδα
777 1849 854 1894 καὶ

142 1923 354 1981 λήκυθον,
401 1920 431 1964 ἃ
469 1921 599 1973 αὐτὸς
643 1919 825 1979 εἰργάσω
843 1935 854 1945 ·

135 1991 209 2036 ἔτι
254 1994 311 2036 τὰ
360 1992 624 2049 ὑποδήματα
675 1990 704 2034 ἃ
747 1986 855 2045 εἶχες

142 2061 324 2121 ἔφησθα
365 2061 494 2113 αὐτὸς
523 2069 853 2119 σκυτοτομῆσαι,

142 2133 220 2176 καὶ
261 2133 313 2175 τὸ
354 2129 528 2187 ἱμάτιον
572 2132 731 2189 ὑφῆναι
777 2130 854 2174 καὶ

144 2203 220 2246 τὸν
245 2200 511 2257 χιτωνίσκον.
573 2201 650 2245 καὶ
672 2199 696 2245 ὃ
718 2208 855 2245 πᾶσιν

143 2271 284 2324 ἔδοξεν
330 2272 618 2315 ἀτοπώτατον
663 2270 739 2313 καὶ
778 2285 854 2314 σο-

133 2341 250 2400 φίας
324 2340 534 2400 πλείστης
608 2340 853 2397 ἐπίδειγμα,

134 2410 294 2470 ἐπειδὴ
355 2413 431 2470 τὴν
481 2412 617 2470 ζώνην
676 2408 854 2469 ἔφησθα

142 2489 220 2525 τοῦ
246 2480 523 2536 χιτωνίσκου,
560 2480 611 2540 ἣν
640 2477 747 2535 εἶχες
778 2514 788 2524 .
811 2514 821 2524 .
844 2514 854 2524 .

142 2553 302 2612 ταύτην
317 2551 367 2597 δὲ
387 2551 517 2605 αὐτὸς
537 2551 710 2605 πλέξαι.
742 2552 856 2610 πρὸς

134 2622 192 2666 δὲ
241 2623 411 2674 τούτοις
460 2624 691 2681 ποιήματα
750 2619 855 2676 ἔχων

135 2692 289 2738 ἐλθεῖν
319 2727 329 2737 .
352 2727 363 2737 .
386 2727 397 2737 .
436 2692 514 2737 καὶ
553 2693 854 2751 καταλογάδην

977 1701 1155 1766 (Ὠσπερ
1194 1710 1218 1753 ὁ
1257 1705 1424 1762 Ἠλεῖος
1450 1704 1634 1763 Ἱππίας

1034 1779 1083 1823 οὐ
1111 1780 1238 1835 μόνον
1268 1781 1494 1839 ποιήματα
1519 1797 1632 1824 παν-

925 1851 1102 1894 τοδαπὰ
1161 1850 1238 1894 καὶ
1292 1850 1442 1908 λόγους
1501 1851 1634 1896 αὑτοῦ

927 1919 1154 1973 ποικίλους
1169 1920 1404 1980 προφέρειν
1425 1957 1434 1966 .
1452 1956 1460 1966 .
1478 1955 1500 1975 .,
1523 1922 1634 1965 ἀλλὰ

926 1991 1003 2035 καὶ
1033 1991 1144 2034 ἄλλα
1176 1989 1302 2049 ἔργα,
1342 1993 1417 2035 τὸν
1447 2008 1494 2035 τε
1524 1992 1632 2035 δακ-

926 2061 1070 2104 τύλιον
1111 2060 1187 2104 καὶ
1225 2062 1301 2120 τὴν
1338 2062 1529 2119 λήκυθον
1558 2060 1634 2105 καὶ

927 2129 1155 2187 στλεγγίδα
1185 2130 1261 2174 καὶ
1291 2132 1343 2175 τὸ
1364 2129 1536 2186 ἱμάτιον
1556 2131 1633 2176 καὶ

926 2203 1003 2260 τὴν
1043 2201 1189 2260 ζώνην,
1230 2202 1288 2253 ὡς
1329 2203 1505 2245 ἅπαντα
1551 2218 1634 2248 πε·-

926 2272 1123 2330 ποιηκώς
1152 2271 1290 2323 αὐτός.
