1772 2936
847 77 899 115 73

128 203 215 246 toto
246 202 438 246 orationis
468 214 632 252 conexu,
664 200 825 255 qualem
858 200 991 243 adhuc
1011 201 1309 251 constituimus,
1340 200 1458 255 plane
1480 200 1612 242 aliena

130 273 301 324 videtur,
333 286 412 327 (1113
442 273 490 314 (16
522 285 564 314 re
596 273 732 325 postea
762 284 894 325 agam.

216 344 264 386 In
294 344 373 385 fine
406 345 430 397 ξ
455 349 507 385 67
532 342 652 384 verba
681 341 774 383 inde
806 354 829 383 a
859 340 934 384 καὶ
965 342 1043 397 γὰρ
1075 341 1126 398 δὴ
1158 355 1282 395 usque
1313 341 1363 384 ad
1390 339 1610 398 αἱροῦνται

129 416 235 457 recte
266 414 314 455 de
345 413 493 455 Arnim
523 412 701 462 seclusit.
764 424 834 465 pro
876 412 928 453 iis
959 412 1038 454 huc
1068 412 1359 466 transponenda
1391 414 1452 454 est
1483 413 1507 465 ξ
1539 416 1608 459 85,

127 497 230 538 (11136
261 497 332 526 suo
361 484 449 526 loco
480 483 619 536 inepta
649 484 722 524 est.
783 494 862 536 qua
892 494 984 524 vero
1015 483 1064 524 (16
1095 495 1213 525 causa
1251 482 1357 524 idem
1397 482 1526 524 editor
1566 482 1608 523 in

129 554 313 609 sequenti
354 554 600 608 paragrapho
637 553 758 595 verba
796 551 894 595 οὐδὲ
931 551 1041 609 ὑπὲρ
1083 553 1213 595 αὑτοῦ
1249 551 1488 610 φροντίζειν
1526 551 1607 595 πέ-

126 639 259 681 φυκεν
288 624 495 672 abiecerit,
527 636 606 664 non
638 623 845 677 intellego.
908 624 997 664 tum
1037 635 1139 676 quae
1176 626 1272 665 sunt
1311 623 1358 664 de
1389 623 1484 665 solis
1515 634 1610 664 cura

129 695 296 737 fortasse
335 706 412 736 non
454 706 534 736 uno
575 695 713 735 tenore
754 693 902 747 scripta
943 695 1049 735 sunt.
1110 693 1290 747 primum
1321 693 1430 735 enim
1461 694 1503 746 (ξ
1536 694 1608 747 74)

130 764 207 806 Dio
246 764 451 818 triplicem
492 764 589 806 solis
628 776 765 805 curam
804 776 888 805 esse
929 764 1052 814 dicit,
1089 764 1207 806 horas
1248 777 1341 805 eum
1374 763 1608 813 discernere,

128 835 321 877 animalia
352 837 393 877 et
424 835 581 889 plantas
612 847 762 884 curare,
793 834 926 876 lucem
956 834 1167 887 praebere:
1208 833 1283 876 καὶ
1320 840 1457 876 ταῦτα
1489 832 1608 876 οὐδέ-

129 920 238 948 ποτε
267 904 418 959 κάμνει
446 904 734 961 χαριζόμενος.
797 906 885 946 tum
916 905 1015 946 haec
1044 904 1124 947 tria
1154 904 1249 947 solis
1281 917 1449 946 munera
1480 903 1608 958 expli-

126 978 271 1018 cantur
301 976 344 1029 (§
378 976 588 1030 75—81):
621 973 696 1017 καὶ
726 982 862 1016 ταῦτα
893 975 1190 1032 μηχανώμενος
1222 968 1283 1017 δι)
1308 972 1456 1023 ,αἰῶνα
1488 973 1609 1017 οὐδέ-

129 1061 237 1088 ποτε
276 1046 438 1100 κάμνει.
500 1059 599 1100 (11136
643 1045 857 1100 explicatio
897 1047 1004 1087 certe
1047 1045 1199 1088 Dionea
1238 1045 1300 1101 (id
1339 1045 1445 1099 quod
1484 1046 1607 1087 etiam

129 1116 409 1168 Xenophontis
449 1116 679 1158 imitatione
720 1116 929 1169 probatur)
968 1116 1134 1157 fortasse
1171 1118 1309 1168 postea
1353 1116 1491 1157 addita
1535 1117 1608 1164 est,

128 1198 248 1239 quam
269 1185 319 1226 ad
350 1185 618 1238 suspicionem
649 1185 798 1227 similis
820 1185 952 1227 exitus
972 1198 1037 1226 1116
1058 1185 1236 1226 adduxit.
1279 1186 1326 1226 de
1348 1185 1610 1238 sequentibus

131 1257 230 1308 §83
264 1258 305 1296 et
337 1261 392 1297 84
425 1255 578 1305 dubito,
611 1256 748 1296 utrum
779 1255 979 1308 genuinae
1009 1255 1092 1296 sint
1122 1267 1258 1303 necne,
1291 1256 1483 1307 quoniam
1514 1267 1606 1296 cum

128 1325 457 1366 antecedentibus
487 1325 622 1366 minus
651 1326 743 1377 apte
774 1324 1010 1366 coniunctae
1041 1326 1147 1375 sunt,
1179 1324 1228 1365 cf.
1262 1324 1367 1366 infra
1397 1337 1435 1377 p.
1471 1330 1537 1367 79.

218 1397 242 1448 ξ
275 1401 329 1437 86
362 1395 533 1448 scriptor
564 1395 613 1436 ad
643 1394 870 1436 amicitiam
899 1395 1059 1444 transit,
1091 1394 1139 1436 de
1160 1407 1238 1447 qua
1269 1395 1445 1448 amplius
1474 1395 1606 1449 loqui-

128 1466 208 1507 tur.
258 1465 382 1507 etiam
404 1465 500 1507 huic
530 1465 721 1507 orationis
750 1465 858 1518 parti
890 1465 1041 1507 multae
1074 1464 1333 1507 difficultates
1362 1466 1512 1508 insunt.
1561 1478 1608 1507 ac

129 1535 307 1589 primum
339 1535 503 1588 quidem
535 1534 709 1576 editores
740 1534 905 1576 eandem
937 1535 1177 1576 sententiam
1210 1535 1292 1583 bis,
1335 1537 1359 1588 ἓ
1392 1541 1446 1577 90
1478 1537 1520 1577 et
1551 1541 1602 1578 91

129 1605 300 1659 exprimi
331 1605 530 1647 viderunt.
592 1603 734 1656 deinde
755 1603 922 1646 offendit
943 1604 990 1645 (16
1012 1604 1157 1646 Arnim
1180 1604 1223 1646 in
1245 1617 1303 1654 6ο,
1335 1604 1439 1658 quod
1461 1606 1484 1659 ἓ
1509 1610 1606 1656 100,

126 1689 221 1717 611111
260 1675 307 1717 (16
346 1677 465 1717 rebus
504 1675 676 1716 utilibus
715 1675 796 1716 iam
837 1676 954 1716 antea
994 1674 1149 1716 dictum
1188 1675 1263 1724 sit,
1303 1677 1392 1716 tum
1435 1676 1482 1716 (16
1515 1689 1606 1716 sua-

128 1744 264 1795 vibus,
312 1758 417 1787 nunc
463 1745 611 1786 iterum
658 1743 780 1786 utiles
827 1746 1061 1787 tractantur.
1123 1744 1299 1795 accedit,
1336 1745 1439 1800 quod
1482 1747 1506 1800 ξ
1551 1751 1604 1789 99

127 1817 170 1857 et
205 1822 286 1857 100
318 1815 426 1856 inter
457 1828 497 1855 se
530 1827 607 1855 non
638 1815 739 1855 bene
770 1815 996 1856 cohaerent.
1058 1816 1204 1867 quibus
1243 1815 1373 1856 causis
1410 1815 1608 1857 adductus

126 1884 332 1939 duplicem
371 1884 459 1926 eius
489 1884 712 1927 sententiae
744 1883 999 1939 explicandae
1030 1884 1226 1927 rationem
1260 1884 1473 1936 constitui,
1514 1885 1605 1928 bre-

127 1956 276 2010 viorem
310 1956 333 2007 §
357 1960 411 1996 90
434 1955 475 1995 et
508 1960 752 2003 100-101,
782 1955 1006 2007 longiorem
1037 1956 1061 2006 ξ
1090 1959 1274 2001 91-99,
1305 1967 1385 2007 qua
1414 1967 1472 2005 ea,
1504 1967 1606 2008 quae

127 2024 308 2067 breviore
339 2023 448 2066 dicta
478 2026 585 2074 sunt,
619 2023 894 2077 compluribus
915 2023 1108 2078 exemplis
1134 2026 1375 2067 exornantur
1395 2026 1439 2079 ¹).
1500 2025 1605 2079 quod

127 2107 219 2136 vero
259 2095 339 2135 Dio
387 2094 430 2134 in
470 2093 548 2134 fine
592 2094 825 2146 posterioris
869 2094 1037 2135 rationis
1080 2106 1258 2135 amorem
1304 2097 1607 2146 commemorat,

129 2164 319 2217 probatur
349 2162 468 2204 verba
499 2162 573 2204 illa
611 2163 722 2219 πρὸς
753 2162 801 2205 δὲ
831 2160 884 2205 αὖ
914 2162 1080 2213 τούτοις
1110 2165 1304 2218 γυναῖκες
1341 2164 1500 2220 ὡραῖαι
1532 2164 1607 2207 καὶ

130 2233 320 2275 παιδικὰ
351 2233 492 2288 ὡραῖα
525 2234 567 2286 (ξ
600 2234 673 2287 93)
703 2246 727 2275 3
749 2247 785 2275 v.
807 2233 843 2275 d.
869 2233 917 2274 de
938 2233 1085 2275 Arnim
1115 2233 1265 2275 iniuria
1296 2234 1428 2276 deleta
1458 2248 1542 2277 esse
1560 2237 1606 2290 ²).

216 2304 457 2356 Pergentem
495 2305 536 2344 te
576 2303 762 2353 offendit,
803 2304 909 2357 quod
949 2316 1015 2353 ea,
1055 2316 1156 2356 quae
1188 2303 1268 2345 Dio
1307 2305 1356 2346 (16
1387 2306 1506 2347 rebus
1535 2307 1606 2347 ad-

127 2373 252 2415 versis
283 2374 324 2414 et
343 2372 528 2414 secundis
559 2372 673 2422 dicit,
706 2373 868 2427 dirupta
898 2375 993 2415 sunt
1023 2374 1156 2415 verbis
1195 2371 1232 2415 εἰ
1265 2373 1313 2416 δὲ
1343 2376 1607 2431 σκυθρωπὸν

156 2475 165 2484 .
183 2475 193 2484 .
225 2439 309 2495 {figet
345 2443 418 2485 τὸν
456 2442 743 2500 συνηδόμενον.
804 2443 918 2494 vide,
960 2456 1081 2498 quam
1119 2444 1219 2485 bene
1260 2443 1364 2501 ῥᾷον
1401 2446 1481 2502 γὰρ
1513 2446 1604 2488 κτλ.

221 2621 257 2663 1)
281 2620 301 2665 ξ
326 2619 372 2653 94
397 2618 499 2652 verba
521 2619 617 2666 μόνῃ
642 2619 683 2654 δὲ
710 2621 751 2666 τῇ
777 2622 881 2666 φιλίᾳ
908 2647 915 2653 .
930 2647 937 2653 .
952 2647 959 2653 .
987 2620 1159 2654 ἁπάντων
1191 2620 1231 2655 δὲ
1265 2620 1415 2664 ἥδιστον
1445 2621 1607 2655 videntur

125 2679 273 2714 breviori
296 2676 423 2713 rationi
449 2676 673 2711 adscribenda
697 2688 781 2713 esse.
1138 2692 1165 2728 Δ,

221 2739 258 2781 2)
280 2737 449 2773 Ultimam
474 2735 493 2780 ἓ
518 2734 563 2770 97
590 2736 800 2771 sententiam
823 2736 950 2771 iniuria
973 2736 1119 2771 fortasse
1145 2736 1186 2771 de
1213 2736 1332 2772 Arnim
1358 2738 1509 2772 seclusit.
