1772 2936
849 89 904 126 75

227 214 363 256 Etiam
403 215 451 255 de
491 212 677 266 sequenti
706 214 818 265 parte
831 243 841 262 ,
881 225 981 267 quae
1023 214 1186 265 excepta
1217 225 1297 253 una
1343 213 1487 253 lacuna
1525 212 1631 254 satis

139 284 299 339 integra
328 283 500 333 videtur,
531 283 670 336 postea
700 281 844 325 dicam.

230 356 254 408 ξ
289 359 519 397 128—132
561 353 611 395 ab
651 352 874 394 editoribus
913 352 1063 393 iniuria
1100 352 1221 405 vulgo
1260 355 1351 405 post
1381 354 1405 406 ἓ
1441 359 1520 394 111
1556 353 1627 393 in-

141 425 271 467 sertae
310 424 417 467 sunt.
479 435 573 466 sane
603 421 753 465 similis
782 422 903 465 huius
935 421 1060 476 partis
1090 435 1228 464 sensus
1259 424 1283 476 ἓ
1318 429 1397 465 111
1432 425 1512 473 est,
1553 422 1622 464 sed

140 507 226 536 eam
273 495 353 536 huc
392 506 471 534 non
512 493 713 547 pertinere
751 506 797 534 ex
829 505 874 534 eo
905 493 1125 543 evincitur,
1171 492 1277 546 quod
1315 493 1349 534 si
1389 492 1621 540 immiseris,

140 566 251 607 totus
280 576 451 607 conexus
480 563 713 605 turbabitur
733 564 780 617 1).
841 563 979 617 itaque
1010 563 1199 616 quoniam
1247 576 1375 616 neque
1420 575 1491 604 suo
1535 563 1631 604 loco-

139 637 233 689 apta
263 636 336 681 est,
366 635 504 687 postea
534 633 672 675 addita
704 632 862 674 videtur
894 645 990 675 esse.

227 705 334 747 Item
374 704 614 747 censendum
656 706 717 745 est
759 703 807 745 de
846 704 993 746 ultima
1033 706 1168 757 parte,
1212 716 1314 757 quae
1346 706 1407 745 est
1437 702 1485 744 de
1515 702 1623 756 regis

144 773 323 825 deliciis,
372 774 492 817 initio
528 775 734 828 corrupta,
775 773 875 816 item
916 775 941 828 ξ
975 779 1057 817 136
1096 774 1163 827 (cf.
1195 787 1232 828 p.
1271 778 1338 823 16,
1371 774 1428 826 3).
1493 785 1630 826 neque-

139 845 231 887 finis
253 857 372 887 sanus
393 857 477 886 esse
498 844 601 886 mihi
623 843 794 893 videtur,
826 845 934 886 certe
956 856 1034 886 non
1055 844 1148 886 finis
1170 846 1232 886 est
1259 843 1385 886 totius
1415 842 1620 886 orationis

228 916 314 958 Iam
363 915 589 964 videamus,
642 915 838 967 numquid
892 915 940 955 ad
988 915 1179 956 orationis
1232 915 1378 956 tertiae
1428 927 1621 956 conexum

141 985 467 1028 constituendum
495 984 791 1038 profecerimus.
854 985 1193 1038 praemonendum
1224 986 1358 1028 autem
1392 986 1453 1027 est
1483 997 1630 1027 omnes

140 1058 287 1110 partes,
318 1068 563 1109 quamquam
595 1055 811 1097 nonnullae
842 1068 935 1096 cum
967 1056 1111 1097 ceteris
1140 1055 1257 1109 plane
1289 1068 1366 1097 non
1395 1056 1627 1103 cohaerent,

144 1126 284 1169 Dionis
314 1138 419 1175 esse;
450 1137 546 1167 nam
576 1127 618 1167 et
647 1124 808 1167 dicendi
837 1137 963 1180 genus
993 1125 1144 1179 ubique
1175 1125 1293 1179 plane
1316 1125 1514 1167 Dioneum
1547 1126 1621 1175 est,

142 1198 184 1238 et
214 1197 397 1238 omnium
427 1196 606 1249 partium
638 1197 820 1238 auctores
849 1196 1115 1249 Xenophonte
1146 1196 1209 1237 usi
1241 1198 1355 1245 sunt,
1387 1195 1492 1249 quod
1523 1195 1628 1237 satis

140 1267 346 1322 probabile
395 1266 616 1309 reddidisse
663 1267 766 1308 mihi
818 1266 965 1309 videor.
1036 1267 1104 1309 sed
1150 1267 1296 1316 talem,
1343 1267 1502 1321 qualem
1551 1279 1621 1308 nos

143 1338 365 1380 orationem
407 1337 601 1391 legimuS,
643 1337 719 1379 Dio
751 1337 920 1379 Traiano
961 1339 1067 1379 certe
1099 1350 1177 1380 non
1209 1337 1424 1379 dedicavit.
1485 1336 1627 1390 itaque

140 1410 212 1450 aut
257 1409 435 1449 nondum
480 1407 656 1460 perfecta
701 1409 762 1448 est
802 1410 873 1449 aut
913 1408 988 1449 Dio
1031 1408 1249 1460 perfectam
1296 1410 1433 1460 postea
1474 1406 1627 1460 ampli-

141 1477 332 1520 ficaturus
363 1479 459 1520 erat.
523 1479 565 1519 et
600 1477 706 1519 mihi
736 1478 898 1532 quidem
929 1478 1032 1520 illud
1064 1478 1285 1521 verisimile
1315 1478 1475 1520 videtur
1504 1490 1623 1530 prop-

142 1550 272 1597 terea,
320 1547 426 1602 quod
472 1560 669 1602 nusquam
712 1548 860 1602 probus
899 1548 1091 1590 orationis
1130 1547 1221 1590 finis
1260 1548 1446 1603 cognosci
1476 1549 1627 1602 potest,

144 1619 216 1672 qui
247 1620 427 1660 servatus
457 1631 542 1660 esse
574 1618 756 1668 debebat,
788 1619 822 1660 si
854 1619 1013 1673 integra
1034 1619 1161 1661 oratio
1181 1619 1340 1661 inesset.
1385 1631 1506 1671 quare
1537 1619 1625 1672 sin-

139 1688 259 1744 gulae
291 1687 482 1731 orationis
511 1689 647 1743 partes
677 1688 792 1731 nobis
822 1701 929 1732 nunc
960 1688 1225 1744 disponendae
1256 1690 1362 1731 sunt.

234 1759 362 1813 Supra
392 1759 567 1801 vidimus
597 1760 762 1801 initium
795 1760 998 1809 orationis,
1030 1760 1135 1813 quod
1167 1763 1228 1801 est
1259 1762 1282 1814 ἓ
1316 1765 1427 1802 1-3
1459 1758 1629 1816 ἀρετῆς,

145 1829 275 1884 excipi
307 1828 471 1872 demum
503 1831 526 1884 ξ
559 1835 627 1874 25.
669 1843 712 1872 ἐι
743 1830 904 1873 Socrate
936 1824 1014 1873 Dio
1045 1830 1250 1874 exordium
1282 1830 1393 1880 fecit,
1424 1844 1515 1872 cum
1550 1829 1623 1872 So-

142 1901 251 1940 crate
272 1900 401 1940 denuo
421 1902 699 1953 secomparat.
761 1900 1010 1954 propositum
1042 1900 1234 1942 orationis
1265 1900 1341 1942 Dio
1373 1899 1436 1941 bis
1460 1898 1632 1941 disertis

143 1969 275 2011 verbis
304 1969 477 2022 profert,
520 1971 544 2023 ξ
578 1976 630 2013 25
664 1972 706 2012 et
738 1976 806 2019 50,
847 1970 895 2012 de
927 1970 1030 2012 bono
1062 1984 1154 2024 rege
1185 1983 1226 2011 se
1265 1970 1496 2012 locuturum
1527 1982 1624 2011 esse.

142 2039 326 2093 Iuppiter
355 2041 490 2081 autem
513 2040 598 2094 ipse
619 2040 722 2082 bono
742 2040 830 2095 regi
851 2040 1033 2094 exemplo
1055 2042 1115 2082 est
1144 2041 1186 2094 (ἓ
1209 2041 1295 2095 50),
1328 2041 1440 2096 πρὸς
1466 2038 1631 2082 ἐκεῖνον·

140 2108 294 2164 βλέπει
340 2110 407 2161 (cf.
446 2122 501 2151 or.
533 2111 574 2160 I,
607 2112 694 2165 45).
754 2123 877 2164 quare
921 2123 990 2152 rex
1035 2111 1215 2164 primum
1261 2110 1354 2152 deos
1399 2112 1441 2152 et
1484 2109 1631 2164 genios*

144 2180 362 2234 heroesque
393 2179 494 2222 colit
523 2181 565 2235 (ξ
599 2182 801 2237 50-55),
833 2180 976 2224 deinde
1006 2180 1190 2224 homines
1221 2184 1348 2231 curat,
1379 2180 1568 2236 quoniam
1600 2193 1625 2223 a

145 2250 217 2293 deo
264 2251 340 2292 hoc
385 2264 535 2293 munus
578 2253 734 2306 accepit
779 2253 822 2306 (ξ
854 2257 921 2295 55.
956 2257 1058 2295 62—
1072 2254 1158 2307 74).
1220 2253 1244 2306 ξ
1277 2258 1330 2295 86
1364 2252 1444 2294 Dio
1473 2251 1630 2305 pergit:

145 2319 298 2379 φιλίαν
328 2337 374 2378 γε
401 2322 485 2376 μὴν
514 2322 721 2365 ἁπάντων
750 2322 938 2378 νενόμικε
957 2331 1042 2365 τῶν
1062 2323 1193 2366 αὑτοῦ
1213 2322 1444 2380 κτημάτων
1473 2321 1623 2364 κάλλι-

144 2407 245 2435 στον
275 2391 351 2434 καὶ
383 2390 626 2449 ἱερώτατον.
689 2406 790 2448 quae
833 2394 953 2436 verba
993 2394 1110 2447 quasi
1147 2393 1382 2451 κεφάλαιον
1419 2394 1632 2447 sequentis

142 2462 270 2517 partis
309 2463 389 2505 Dio
427 2463 676 2516 praemittit,
715 2477 818 2517 quae
858 2466 920 2506 est
958 2477 1082 2519 usque
1112 2464 1162 2506 ad
1194 2465 1218 2517 ξ
1252 2470 1349 2507 115.
1411 2476 1634 2518 cognoscas

242 2639 277 2680 1)
301 2639 321 2683 ξ
347 2639 416 2673 132
441 2639 544 2673 verba
569 2643 623 2679 τίς
647 2640 688 2675 δὲ
714 2641 890 2675 πλειόνων
914 2640 1034 2675 δεῖται
1059 2647 1129 2674 τῶν
1147 2641 1442 2687 ἐπιμελουμένων
1460 2640 1503 2674 ab
1521 2640 1626 2674 inter-

144 2698 300 2745 polatore
325 2697 445 2732 addita
468 2708 542 2733 esse
567 2709 707 2743 censeo,
741 2709 816 2734 cum
848 2699 913 2735 hoc
942 2698 1015 2734 loco
1046 2699 1194 2746 scriptor
1226 2710 1293 2734 non
1318 2698 1528 2734 necessarios
1552 2697 1629 2744 regi

144 2759 271 2793 amicos
295 2769 370 2793 esse
395 2758 490 2801 dicit,
517 2758 576 2792 sed
601 2769 715 2801 regem
740 2759 839 2793 facile
862 2759 989 2793 amieos
1014 2759 1080 2793 sibi
1104 2759 1284 2793 conciliare
1331 2769 1442 2803 posse.
