1772 2936
850 67 903 105 62

139 188 383 246 ἄνθρωποι,
414 189 490 232 καὶ
511 189 698 245 ἀγνοεῖτε
718 189 839 233 οὐδὲν
858 199 944 232 τῶν
963 189 1142 233 δεόντων
1163 189 1448 246 πράττοντεςς
1469 190 1622 241 οἵτινες

138 262 181 302 et
211 262 344 302 cetera
373 260 423 302 ad
454 260 622 302 verbum
653 273 780 314 usque
810 260 860 302 ad
891 259 1102 314 ἀμουσίας
1131 260 1323 315 (Clitoph.
1356 266 1439 303 407
1464 259 1523 314 G).

230 330 293 372 Ps.
319 329 485 371 Lucian.
509 329 605 384 Cyn.
632 336 711 373 18:
744 329 819 372 καὶ
840 330 950 384 ὑμᾶς
970 329 1021 372 ἄν
1041 346 1108 381 τις
1129 329 1280 386 ἐρωτᾷ,
1312 331 1394 372 ποῖ
1413 328 1622 386 φέρεσθε,·

228 399 352 441 Vides
386 398 557 442 Dionem
592 400 855 443 Plutarchum
886 400 1159 443 Themistium
1200 400 1378 455 proxime
1413 399 1463 442 ad
1494 399 1622 443 Clito-

139 470 332 523 phontem
373 469 582 520 accedere,
624 483 718 512 cum
759 483 836 512 non
877 470 1009 512 solum
1049 471 1181 524 prima
1211 471 1351 520 verba,
1391 470 1460 512 sed
1499 470 1622 512 etiam

139 542 427 593 argumentum
468 539 662 593 orationis
702 540 930 581 exhibeant.
993 540 1061 580 sed
1101 540 1226 581 etiam
1258 540 1467 594 Epictetus
1497 539 1623 582 Clito-

138 609 330 662 phontem
367 609 500 662 ipsum
531 610 618 650 sine
649 609 772 650 dubio
801 609 915 662 legit.
980 609 1273 651 Ps-Lucianus
1301 612 1437 651 autem
1469 609 1550 651 iam
1579 609 1621 650 in

139 678 203 727 iis,
236 690 337 732 quae
368 679 633 727 antecedunt,
676 678 797 719 verba
836 680 917 719 ποῖ
958 676 1145 734 φέρεσθε
1184 678 1493 720 circumscribit.
1555 679 1622 720 sed

140 761 190 788 ne
230 748 367 788 credas
405 759 545 788 omnes
585 748 657 788 hos
695 749 879 788 auctores
919 748 1058 801 cynico
1098 748 1208 788 fonte
1252 760 1344 788 usos
1389 760 1472 788 esse
1513 749 1623 800 (nam

140 829 300 868 omnes,
341 828 441 870 quos
471 816 616 866 attuli,
658 817 785 859 etiam
817 816 917 858 alibi
949 816 1088 871 cynica
1118 815 1362 870 proferunt),
1403 816 1493 858 vide
1528 816 1623 859 Plu-

140 888 327 929 tarchum
368 887 431 929 bis
470 887 599 928 alium
645 887 780 928 locum
821 887 1095 940 Clitophontis
1126 900 1163 939 p.
1196 892 1278 930 407
1298 886 1329 928 C
1369 887 1416 928 ad
1456 887 1624 928 verbum

139 957 340 999 excribere
370 957 527 998 adiecto
552 956 734 998 Platonis
766 957 929 998 nomine
963 960 1032 1009 (an
1055 956 1146 999 virt.
1170 956 1252 1000 doc.
1272 956 1409 1009 possit.
1431 969 1466 1009 p.
1489 961 1572 999 439
1591 956 1623 998 E

139 1029 183 1068 et
223 1027 271 1067 de
312 1027 383 1068 vit.
424 1027 518 1078 pud.
556 1039 594 1078 p.
632 1031 715 1068 534
734 1027 796 1079 Ε).
856 1026 954 1067 item
995 1026 1245 1067 Themistius
1275 1025 1302 1066 l.
1335 1038 1367 1067 c.
1401 1038 1439 1078 p.
1473 1031 1554 1068 321
1579 1025 1622 1068 C.

145 1095 356 1138 Platonem
388 1107 430 1136 se
460 1096 574 1148 sequi
597 1098 734 1148 aperte
762 1095 917 1137 indicat
946 1095 1043 1148 (ὅσα
1065 1101 1245 1137 τοιαῦτα
1266 1103 1351 1136 τῶν
1372 1095 1624 1150 Σωκράτους

140 1164 216 1207 καὶ
238 1164 475 1214 Πλάτωνος
502 1164 811 1222 κηρυγμάτων).
859 1165 996 1218 itaque
1027 1167 1184 1207 constat
1204 1164 1505 1218 Clitophontem
1537 1165 1621 1207 dia-

141 1236 280 1289 logum
313 1236 366 1276 iis
396 1235 649 1288 temporibus
680 1248 703 1276 a
735 1235 878 1276 multis
908 1235 1062 1276 lectum
1095 1234 1217 1276 fuisse
1238 1236 1281 1288 ²).
1344 1235 1442 1287 quin
1474 1247 1496 1275 a
1528 1234 1623 1276 Pla-

116 1307 235 1347 wtone
266 1305 353 1358 ipso
385 1304 600 1357 Clitophon
631 1304 834 1357 profectus
865 1306 980 1352 esset,
1012 1306 1101 1346 tum
1134 1317 1251 1346 nemo
1282 1304 1507 1346 dubitabat.

229 1374 531 1426 Clitophontem
564 1373 770 1426 dialogum
801 1374 997 1426 scriptum
1031 1385 1114 1415 esse
1144 1373 1187 1414 in
1222 1373 1402 1414 Platonis
1433 1373 1620 1427 Reipubl.

139 1444 293 1487 librum
324 1443 501 1497 primum
526 1444 687 1485 Kunert
718 1444 843 1497 (quae
872 1444 983 1485 inter
1016 1442 1315 1496 Clitophontem
1346 1443 1557 1497 dialogum
1587 1447 1624 1485 et

142 1513 337 1556 Platonis
356 1513 650 1565 rempublicam
676 1513 900 1555 intercedat
919 1513 1172 1555 necessitudo
1203 1513 1294 1556 diss.
1317 1513 1469 1568 Gryph.
1495 1516 1623 1568 1881)

140 1585 240 1626 satis
261 1583 450 1625 ostendit.
493 1595 623 1635 neque
644 1585 717 1631 est,
749 1596 819 1624 cur
840 1584 1088 1636 suspicemur
1106 1596 1198 1624 eum
1219 1584 1477 1625 Antisthenis
1497 1583 1623 1637 quod-

141 1641 234 1696 dam
254 1654 464 1708 scriptum,
486 1653 746 1703 Archelaum,
769 1656 816 1695 ut
839 1654 980 1708 Hagen
1004 1653 1104 1703 vult,
1138 1654 1433 1708 Protrepticum
1457 1666 1503 1695 ex
1525 1655 1624 1696 Hir-

141 1724 235 1765 zelii
257 1723 422 1776 (dialog.
440 1724 473 1772 Ι,
501 1725 601 1776 118)
622 1724 825 1765 sententia
856 1723 1065 1765 Imitatum
1096 1736 1193 1766 esse.
1256 1736 1347 1765 nam
1380 1735 1622 1777 quamquam

141 1793 266 1836 etiam
299 1793 424 1834 ceteri
446 1792 623 1835 Socratis
655 1793 844 1846 discipuli
876 1793 918 1834 in
952 1806 997 1834 eo
1029 1796 1259 1846 carpuntur,
1292 1793 1466 1835 maxime
1489 1795 1623 1835 tamen

143 1863 354 1904 Platonem
386 1862 564 1915 respicit.
627 1862 696 1903 sed
728 1865 895 1915 quaerat
925 1862 1094 1916 aliquis,
1127 1875 1343 1916 quemnam
1374 1862 1623 1904 Socraticum

141 1934 304 1974 secutus
335 1931 607 1984 Clitophontis
639 1932 810 1984 scriptor
849 1931 1103 1974 contenderit
1134 1932 1335 1974 Socratem
1368 1934 1453 1974 tam
1483 1932 1623 1974 acerbe

141 2014 268 2056 paene
300 2001 486 2057 cynicum
510 2002 552 2043 in
576 2002 740 2043 modum
762 2002 1030 2044 Athenienses
1060 2003 1110 2044 ad
1142 2002 1335 2045 virtutem
1367 2002 1623 2045 adhortatum

141 2085 245 2114 esse:
283 2072 421 2114 hausit
452 2074 523 2113 aut
554 2085 600 2113 ex
634 2072 803 2114 Platone
834 2073 920 2126 ipso
960 2074 1032 2114 aut
1062 2085 1083 2114 e
1114 2072 1289 2114 Socratis
1319 2074 1424 2114 vitae
1455 2073 1623 2122 ratione,

141 2142 272 2196 qualis
302 2145 392 2184 tum
423 2141 529 2195 apud
561 2154 700 2183 omnes
720 2144 815 2183 nota
836 2145 932 2184 erat.
994 2143 1105 2184 locus
1130 2142 1321 2192 Platonis,
1353 2155 1474 2196 quem
1500 2142 1624 2184 Paulo

145 2213 288 2265 Hagen
320 2211 487 2264 (Philol.
523 2212 572 2264 L)
613 2211 758 2260 debeo,
806 2214 868 2253 est
907 2212 1024 2265 Apol.
1060 2217 1113 2254 29
1137 2212 1194 2253 D:
1241 2211 1314 2253 καὶ
1361 2210 1528 2265 ἕωσπερ
1574 2212 1624 2254 ἂν

141 2279 314 2334 ἐμπνέω
345 2279 421 2322 καὶ
451 2273 540 2330 οἷός
560 2295 606 2322 τε
627 2278 673 2331 ὦ,
706 2279 754 2322 οὐ
783 2281 842 2337 μὴ
873 2281 1110 2334 παύσωμαι
1142 2281 1392 2337 φιλοσοφῶν
1422 2280 1496 2323 καὶ
1526 2281 1625 2334 ὑμῖν

142 2349 537 2406 παρακελευόμενός
566 2365 613 2392 τε
643 2349 718 2392 καὶ
740 2348 1091 2405 ἐπιδεικνύμενος,
1124 2350 1209 2406 ὅτῳ
1230 2351 1281 2392 ἂν
1301 2349 1368 2393 ἀεὶ
1390 2349 1623 2405 ἐντυγχάνει)

141 2420 270 2473 ὑμῶν,
301 2419 434 2474 λέγων
465 2412 622 2474 οἷάπερ
654 2416 814 2471 εἴωθα,
846 2419 912 2461 ὅτι
944 2418 978 2461 ὦ
1009 2419 1157 2476 ἄριστε
1186 2419 1358 2476 ἀνδρῶν,
1387 2412 1625 2476 Ἀθηναῖος

237 2594 272 2636 1)
297 2593 527 2639 Chrysippum
558 2605 597 2628 eo
632 2605 731 2628 usum
762 2605 837 2628 esse
871 2593 970 2628 docet
1004 2593 1167 2628 Hartlich
1198 2594 1256 2637 (de
1280 2594 1575 2630 exhortationum
1600 2606 1625 2629 a

147 2650 298 2688 Graecis
322 2652 569 2696 Romanisque
593 2652 720 2695 script.
746 2651 916 2694 historia,
952 2651 1074 2696 Leipz.
1108 2652 1254 2687 studien
1278 2653 1344 2687 vol.
1371 2652 1460 2694 XI),
1486 2663 1519 2696 p.
1545 2652 1624 2694 247,

142 2709 370 2744 Iamblichum
395 2721 428 2756 p.
454 2709 524 2746 229
538 2720 612 2755 sqq.
