1772 2936
870 58 923 99 10

441 180 566 222 Xen.:
1236 183 1333 225 Dio:

201 251 338 304 ‘'Ocav
373 254 421 303 δ’
455 257 566 320 ἔλθῃ
597 262 648 305 τὸ
679 272 859 319 πεπρω-
991 257 1086 305 Ἐὰν
1116 262 1165 306 δὲ
1193 264 1244 307 τὸ
1273 271 1348 322 τῆς
1379 260 1635 320 εἱμαρμένης

141 329 272 384 ,μένον
302 330 446 382 τέλος,
487 330 536 374 οὗ
574 333 684 385 μετὰ
721 332 860 389 λήθης
932 333 1167 387 ἀναγκαῖον
1216 331 1365 391 ἐπείγῃ
1416 333 1503 387 πρὸ
1559 339 1636 375 τοῦ

144 399 300 454 ἄτιμοι
352 403 538 452 κεῖνται,
591 400 701 443 ἀλλὰ
750 403 859 455 μετὰ
931 402 1088 459 γήρως,
1136 395 1229 445 ἀλλ’
1273 401 1344 445 οὖν
1381 403 1546 460 μνήμης
1589 416 1636 444 τε

142 471 315 528 μνήμης
345 472 420 514 τὸν
450 470 517 514 ἀεὶ
536 471 685 528 χρόνον
705 471 854 525 ὑμνού-
930 471 1102 528 ἀγαθῆς
1132 472 1207 514 καὶ
1237 474 1361 529 παρὰ
1392 478 1539 514 πᾶσαν
1566 469 1634 514 εὐ-

147 556 266 595 μενοι
303 541 529 584 θάλλουσι.
930 540 1097 598 φημίας
1144 539 1205 593 εἷς
1251 543 1326 585 τὸν
1376 542 1441 586 ἀεὶ
1490 541 1636 598 χρόνον

930 609 1096 668 ἠξίωσε.

238 681 380 724 Oratio
411 682 472 724 III
514 683 556 723 et
586 682 672 734 ipsa
713 681 761 722 de
804 681 887 723 vit-a
926 683 967 723 et
1009 682 1231 723 virtutibus
1270 682 1365 724 boni
1413 684 1520 736 regis
1565 686 1637 725 est.

150 751 267 793 euius
286 752 480 793 orationis
501 764 593 792 cum
623 750 917 792 sententiarum
938 763 1109 792 conexus
1140 764 1327 804 persaepe
1350 752 1467 798 desit,
1499 765 1636 793 excur-

144 834 244 864 sum
268 821 366 863 huic
387 821 527 878 libello
548 820 698 870 addidi,
722 833 801 874 quo
832 821 881 862 de
913 821 1000 863 eius
1031 821 1223 863 orationis
1245 821 1536 875 compositione
1558 821 1635 875 egi.

151 890 320 933 Dictum
354 891 529 933 Socratis
559 890 681 932 initio
712 890 915 944 prolatum
949 891 1208 933 Platonicum
1240 893 1312 938 est.
1345 892 1393 933 de
1423 904 1502 945 quo
1533 891 1639 933 infra

150 973 282 1014 agam.
345 961 412 1003 sed
445 961 585 1003 statim
617 961 689 1002 ubi
722 962 800 1002 Dio
830 962 1049 1003 Traianum
1089 962 1251 1003 laudare
1291 962 1461 1014 incipit,
1502 962 1637 1003 Xeno-

149 1030 339 1083 phonteis
385 1031 585 1073 coloribus
629 1031 692 1073 uti
738 1031 910 1074 videtur.
975 1044 1160 1085 compara
1199 1044 1292 1073 eum
1332 1031 1410 1073 fine
1449 1031 1472 1085 ἓ
1512 1037 1538 1074 2
1579 1043 1638 1081 ea,

144 1113 251 1156 quae
283 1102 508 1155 Xenophon
540 1103 588 1143 de
620 1102 811 1157 Agesilao
843 1102 1029 1145 laudibus
1060 1103 1253 1144 bonorum
1285 1102 1416 1144 solum
1437 1101 1638 1156 gaudente

151 1172 255 1214 dicit
285 1172 407 1225 Ages.
440 1173 512 1221 XI,
547 1179 585 1222 5,
619 1174 660 1214 et
689 1173 738 1214 ad
771 1173 939 1215 initium
970 1174 1175 1227 sequentis
1205 1173 1415 1222 sectionis,
1457 1185 1558 1226 quae
1590 1172 1638 1213 de

152 1241 290 1283 eodem
322 1254 416 1295 rege
447 1243 579 1295 capite
611 1242 768 1296 quinto,
802 1243 976 1284 maxime
1007 1243 1030 1296 ξ
1063 1249 1101 1286 3.
1163 1244 1267 1296 quod
1299 1242 1440 1284 deinde
1464 1243 1539 1283 Dio
1566 1242 1637 1295 §4

152 1312 302 1353 bonum
344 1325 480 1365 regem
523 1325 616 1353 eum
657 1313 860 1362 nominat,
907 1313 974 1365 qui
1018 1325 1263 1366 quamquam
1305 1313 1342 1354 ei
1382 1312 1480 1353 licet
1516 1324 1637 1364 quam

157 1381 479 1424 luxuriosissime
501 1382 646 1432 vivere,
670 1384 807 1424 tamen
830 1383 1041 1425 continens
1063 1385 1135 1431 est,
1167 1382 1275 1424 idem
1298 1382 1345 1424 de
1367 1382 1467 1437 Cyro
1488 1381 1639 1424 dicitur

146 1451 293 1506 ⁴Cyrop.
329 1453 449 1501 VIII,
486 1460 522 1501 1,
565 1453 685 1505 30¹).
750 1465 889 1494 omnes
939 1454 1123 1494 homines
1173 1465 1308 1507 regem
1360 1452 1637 1505 quodcumque

152 1521 273 1571 facit,
316 1521 506 1564 laudant:
552 1522 612 1564 sic
644 1523 722 1564 Dio
753 1525 774 1575 ἓ
807 1528 833 1564 4
865 1525 906 1564 et
937 1523 1041 1564 Xen.
1075 1523 1239 1565 Hieron.
1272 1523 1301 1572 I,
1338 1528 1403 1564 14.
1467 1521 1515 1563 de
1546 1533 1638 1575 rege

151 1591 290 1645 legali,
323 1591 443 1641 iusto,
477 1591 675 1634 laborioso
705 1592 745 1646 (ξ
779 1594 822 1646 5)
864 1593 942 1634 lam
984 1592 1033 1634 ad
1077 1592 1250 1646 primam
1289 1592 1509 1634 orationem
1541 1591 1640 1633 satis

151 1661 283 1704 multa
314 1661 440 1704 allata
470 1665 586 1713 sunt,
626 1662 799 1705 adiciam
833 1676 957 1705 unum
991 1663 1124 1705 locum
1157 1665 1276 1717 Ages.
1308 1663 1380 1712 XI,
1415 1668 1489 1704 10:
1521 1678 1637 1719 πρᾳ-

150 1732 307 1784 ότατός
339 1748 384 1788 γε
413 1734 496 1791 μὴν
526 1731 673 1791 φίλοις
704 1734 762 1775 ὢν
792 1732 968 1790 ἐχθροῖς
999 1734 1303 1791 φοβερώτατος
1335 1731 1393 1790 ἦν,
1425 1733 1497 1787 qui
1528 1733 1638 1775 locus

144 1804 373 1857 comparari
395 1806 527 1857 potest
550 1817 642 1845 eum
668 1804 808 1846 Dionis
831 1805 972 1846 verbis.
1038 1805 1080 1845 in
1112 1804 1299 1857 sequenti
1330 1804 1507 1845 sectione
1538 1803 1638 1845 scri-

150 1873 282 1915 benda
324 1874 496 1916 Dionem
538 1874 819 1928 Xenophontis
859 1874 999 1929 Cyrop.
1034 1874 1065 1924 Ι,
1103 1881 1139 1923 1,
1174 1882 1197 1916 3
1248 1886 1467 1916 memorem
1514 1873 1637 1915 fuisse

149 1944 439 1986 animadvertit
474 1944 647 1986 Dindorf
682 1945 723 1985 in
766 1944 1024 1986 adnotatione
1055 1944 1106 1986 ad
1137 1944 1239 1985 Xen.
1271 1944 1403 1985 locum
1424 1946 1469 1997 ²).
1533 1943 1640 1985 cives

150 2014 259 2066 regis
289 2014 604 2067 temperantiam
636 2013 791 2056 imitari
822 2013 927 2055 dixit
958 2013 1036 2055 Dio
1067 2013 1136 2067 §7
1171 2015 1212 2055 et
1243 2013 1464 2067 Xenophon
1496 2013 1636 2067 Cyrop.

152 2083 262 2133 VIII,
298 2090 335 2132 1,
369 2089 424 2126 30
471 2084 557 2126 loeo
599 2084 716 2126 modo
747 2085 1072 2126 commemorato.
1134 2083 1242 2125 idem
1283 2083 1330 2125 de
1370 2083 1548 2132 iustitia,
1589 2082 1638 2124 ad

149 2167 272 2207 quem
316 2154 452 2196 locum
492 2167 697 2208 compares
728 2154 866 2209 Cyrop.
901 2154 1014 2204 VIII,
1048 2159 1087 2204 8,
1121 2161 1159 2202 5,
1202 2154 1272 2196 ubi
1310 2154 1445 2196 simile
1486 2153 1638 2208 aliquid

150 2224 199 2266 de
230 2225 383 2267 iniusto
414 2237 507 2279 rege
540 2224 702 2266 dicitur.
764 2224 1026 2278 sequentibus
1058 2225 1154 2266 haec
1185 2237 1209 2266 a
1232 2224 1359 2267 Dione
1387 2223 1636 2278 amplifican-

149 2296 229 2336 tur.
277 2294 413 2336 confer
429 2296 551 2349 Ages.
566 2295 656 2344 VII,
674 2300 720 2336 2:
742 2292 809 2344 τίς
831 2295 909 2351 γὰρ
931 2295 983 2336 ἂν
1004 2293 1206 2351 ἑθέλησεν
1222 2294 1426 2337 ἀπειθεῖν
1441 2294 1550 2350 ὁρῶν
1566 2294 1639 2336 τὸν

245 2412 280 2455 1)
306 2413 396 2446 ὅταν
427 2413 498 2459 γὰρ
532 2413 673 2457 ὁρῶσιν,
709 2403 737 2456 ᾧ
769 2414 931 2458 μάλιστα
963 2413 1101 2451 ἔξεστιν
1138 2413 1296 2458 ὑβρίζειν,
1330 2418 1462 2445 τοῦτον
1493 2423 1637 2458 σωφρο-

149 2477 293 2506 νοῦντα.

244 2530 281 2571 2)
305 2530 392 2564 Vide
419 2529 681 2564 similitudinem
708 2529 906 2563 verborum:
944 2528 1054 2573 Cyrus
1079 2529 1114 2562 in
1140 2530 1349 2574 potestatem
1375 2528 1509 2572 redegit
1535 2540 1637 2574 παμ-

151 2590 306 2628 πόλλους
348 2590 419 2636 μὲν
457 2591 685 2636 ἀνθρώποις,
725 2590 949 2635 παμπόλλας
983 2588 1023 2622 δὲ
1059 2589 1197 2629 πόλεις,
1233 2587 1436 2634 πάμπολλα
1472 2587 1512 2620 δὲ
1538 2587 1636 2628 ἔθνη,

145 2647 242 2693 apud
267 2647 411 2682 Dionem
437 2650 508 2683 est:
547 2649 618 2693 ὅτῳ
652 2648 692 2682 δὲ
728 2649 967 2694 παμπληθεῖς
999 2648 1069 2694 μὲν
1104 2648 1331 2682 ὑπακούουσι
1363 2647 1501 2685 πόλεις,
1536 2645 1637 2691 πάμ-

147 2709 269 2741 πολλα
295 2707 336 2741 δὲ
363 2708 461 2750 ἔθνη,
489 2708 723 2753 ἄναρίθμητα
751 2707 790 2741 δὲ
819 2708 916 2752 φῦλα
943 2706 1157 2752 ἀνθρώπων.
