1772 2936
796 109 925 167 ¹71

160 234 185 288 ἓ
216 239 272 278 10
294 236 335 276 et
361 239 427 283 11,
458 244 561 287 quae
592 232 634 273 et
653 231 869 274 cohaerent
899 243 992 273 cum
1024 231 1094 285 §9
1127 233 1170 274 et
1199 231 1365 273 eandem
1397 230 1640 273 sententiam

160 304 381 353 continent,
411 314 534 356 quam
564 302 589 355 ἓ
622 307 646 344 6
664 314 748 355 sqq.

247 373 495 417 Omittamus
538 371 707 414 initium
746 372 770 426 ἓ
812 378 879 415 12.
941 372 1062 414 verba
1107 373 1292 426 corrupta
1338 371 1524 425 quidem,
1571 371 1642 414 sed

162 446 269 486 certe
309 443 424 497 quasi
454 442 498 483 in
530 442 759 496 parenthesi
798 442 907 484 dicta
936 444 1050 491 sunt,
1088 442 1148 484 ita
1178 443 1226 484 ut
1256 442 1305 483 ad
1343 441 1639 484 emendandum

161 513 408 556 difficillima
446 524 575 566 neque
614 512 664 554 ad
695 512 888 555 orationis
929 525 1122 555 conexum
1154 500 1469 566 cognoscendum
1503 525 1640 555 neces-

157 585 269 627 saria
299 583 394 625 sint.

247 652 324 695 Sed
370 665 499 707 neque
545 665 715 707 sequens
761 653 952 696 orationis
997 666 1088 707 pars
1132 653 1323 707 coniungi
1370 654 1501 706 potest
1546 665 1640 694 cum

157 723 507 774 antecedentibus,
553 723 657 778 quod
697 723 798 773 Dio,
846 736 938 766 cum
981 724 1100 765 antea
1146 722 1193 765 de
1233 723 1336 765 bono
1382 735 1475 777 rege
1520 723 1641 765 verba

158 792 311 843 fecerit,
342 794 584 836 adulationis
615 793 767 836 crimen
799 794 945 836 timere
975 806 1054 836 non
1081 795 1215 848 potest
1236 793 1282 847 ¹).
1343 796 1522 836 ceterum
1543 794 1641 835 haec

158 876 248 917 pars
277 876 402 918 usque
432 864 482 905 ad
513 865 536 918 ξ
569 869 623 905 24
655 866 747 918 apte
789 865 1049 906 continuatur
1087 865 1252 918 excepta
1282 864 1305 918 ἓ
1337 869 1404 914 22,
1445 865 1494 906 ut
1531 864 1640 906 reete

157 934 363 977 intellexit
394 934 441 976 de
472 934 633 976 Arnim.

246 1003 361 1056 Quod
392 1003 536 1046 deinde
567 1003 645 1045 Dio
675 1004 830 1058 pergit:
869 1003 940 1045 ἵνα
977 1002 1025 1046 δὲ
1053 1003 1160 1061 μήτε
1189 1002 1272 1059 ἐγὼ
1302 1000 1534 1053 κολακείας
1565 999 1637 1045 αἰ-

157 1071 256 1115 τίαν
300 1071 381 1126 ἒῇςω
426 1074 529 1126 m„
576 1074 668 1116 vide
714 1073 910 1126 quomodo
957 1074 1198 1116 dissentiant
1236 1086 1260 1115 a
1290 1075 1314 1127 ἓ
1347 1080 1424 1123 12,
1470 1073 1514 1115 in
1559 1085 1640 1127 qua

157 1142 313 1186 dixerat
343 1156 383 1185 se
415 1144 569 1186 crimen
599 1143 845 1186 adulationis
875 1157 953 1186 non
993 1144 1138 1186 timere
1157 1145 1202 1199 ²).
1265 1145 1364 1186 haec
1402 1143 1524 1186 verba
1558 1155 1638 1185 non

156 1212 355 1266 quadrant
393 1214 473 1257 nisi
514 1214 564 1256 ad
604 1214 743 1257 laudes
781 1215 1059 1269 Imperatoris,
1098 1227 1197 1269 quas
1231 1215 1399 1256 Dionem
1431 1215 1456 1269 ξ
1490 1220 1514 1257 3
1554 1214 1638 1256 iam

156 1284 330 1338 coepisse
376 1285 562 1328 vidimus.
632 1298 703 1327 suo
747 1286 876 1339 igitur
921 1285 1009 1327 iure
1056 1285 1103 1327 de
1149 1285 1425 1327 Wilamowitz
1471 1284 1637 1327 initium

156 1354 348 1397 orationis
387 1357 411 1409 ξ
443 1360 498 1399 25
537 1356 699 1398 demum
741 1356 871 1409 excipi
911 1356 1141 1406 contendit3
1181 1356 1264 1397 iam
1304 1356 1428 1398 habes
1466 1356 1636 1409 probum

155 1425 446 1468 sententiarum
479 1438 691 1468 conexum:
725 1439 834 1481 „ego
864 1428 918 1476 te,
950 1425 1104 1477 Caesar,
1136 1425 1298 1469 laudare
1324 1438 1499 1479 possum,
1531 1425 1636 1479 quod

158 1497 249 1537 tuas
295 1496 467 1538 virtutes
511 1497 615 1538 novi.
694 1509 787 1538 nam
833 1496 1013 1549 primum
1059 1508 1199 1550 pravas
1249 1496 1474 1549 voluptates
1521 1495 1636 1550 quasi

93 1559 99 1564 ⁷
154 1565 466 1609 adulatores
496 1566 640 1617 odisti,
687 1566 841 1609 labores
872 1579 964 1610 vero
994 1567 1175 1621 suscipis.
1204 1591 1259 1597 —
1291 1566 1360 1609 sed
1398 1579 1448 1608 ne
1489 1579 1562 1621 ego
1591 1567 1635 1608 in

155 1636 493 1679 adulationis
537 1637 805 1691 suspicionem
851 1637 1050 1688 incidam,
1096 1637 1233 1692 loquar
1272 1637 1320 1678 de
1360 1637 1461 1678 bono
1500 1641 1635 1691 rege.“

155 1706 322 1758 accedit,
356 1707 460 1761 quod
495 1709 519 1761 ξ
553 1713 606 1751 29
639 1708 742 1750 hanc
771 1709 927 1762 partem
958 1720 1051 1750 cum
1082 1707 1273 1750 orationis
1303 1707 1423 1751 initio
1444 1707 1634 1749 coniunc-

154 1778 239 1819 tam
272 1784 355 1820 esse
394 1780 530 1831 aperte
571 1778 735 1820 indicat.
797 1780 887 1820 tum
927 1779 1062 1820 omnia
1101 1777 1202 1819 bene
1240 1790 1281 1819 se
1321 1776 1471 1818 habent
1510 1788 1636 1830 usque

154 1847 203 1889 ad
236 1849 260 1901 ξ
293 1853 360 1898 50,
400 1849 538 1902 paucis
575 1848 770 1891 immissis
808 1848 1210 1903 interpolationibus,
1251 1850 1275 1901 ξ
1308 1853 1363 1890 30
1394 1848 1468 1890 sub
1499 1847 1635 1896 finem,

155 1919 256 1971 §33
274 1930 305 1959 s.
329 1918 370 1967 f.‚
410 1931 511 1972 quae
549 1918 597 1960 de
619 1918 894 1962 Wilamowitz
924 1919 1115 1969 seclusit,
1154 1919 1255 1960 item
1286 1918 1329 1960 in
1361 1919 1385 1972 ἓ
1417 1923 1472 1960 43
1505 1919 1547 1959 et
1576 1922 1633 1960 45

154 1988 348 2031 nonnulla
377 1990 517 2040 verba,
550 1991 574 2043 ἓ
607 1995 661 2032 46
694 1990 824 2032 altera
853 2003 954 2044 pars.
1016 1990 1114 2032 haec
1144 1990 1238 2031 sunt
1267 1989 1471 2043 graviora,
1503 1990 1636 2043 cetera

154 2058 318 2100 minimi
348 2060 545 2102 momenti
577 2062 672 2103 sunt
690 2061 736 2116 ³).
797 2060 841 2102 in
870 2060 949 2102 fine
979 2062 1115 2103 autem
1147 2061 1171 2114 ἓ
1195 2065 1249 2103 50
1271 2059 1319 2101 de
1341 2058 1486 2101 Arnim
1518 2070 1634 2112 saga-

154 2129 315 2171 cissime
355 2130 467 2172 codd.
500 2131 714 2173 lectionem
746 2128 801 2173 τὰ
832 2129 932 2186 περὶ
963 2136 1040 2172 τοῦ
1068 2129 1171 2179 Διός
1201 2130 1393 2171 restituit.
1455 2132 1635 2170 ceterum

153 2198 252 2240 haec
283 2199 415 2250 verba,
447 2200 594 2254 quibus
623 2200 670 2243 de
701 2200 802 2244 Jove
832 2200 935 2243 bono
965 2212 1058 2255 rege
1079 2199 1391 2254 disputationem
1414 2197 1634 2253 significari

249 2363 284 2405 1)
307 2362 429 2399 Dionis
453 2363 543 2399 hanc
567 2364 796 2400 defensionem
821 2376 896 2400 esse
920 2364 1020 2400 docet
1044 2376 1092 2400 or.
1117 2364 1146 2399 L
1169 2365 1189 2410 ξ
1213 2365 1254 2400 8;
1278 2367 1340 2399 καὶ
1367 2365 1430 2399 οὐκ
1454 2365 1532 2399 ἔστι
1551 2364 1635 2404 δέος

152 2423 293 2469 μήποτε
319 2423 390 2468 ἐγὼ
414 2423 510 2464 δόξω
534 2426 740 2460 κολακεύειν
765 2425 869 2473 ὑμᾶς,
896 2425 940 2460 οὐ
963 2425 1184 2465 κολακεύσας
1209 2425 1272 2459 τὸν
1291 2425 1425 2471 ἐχθρὸν
1444 2425 1630 2469 τύραννον.

247 2481 285 2524 2)
309 2481 441 2517 Similia
473 2482 540 2518 Dio
573 2494 621 2519 or.
647 2483 676 2527 Ι,
702 2483 747 2519 15
781 2484 887 2527 dixit,
925 2494 1028 2529 quam
1062 2484 1251 2518 orationem
1285 2483 1434 2529 scriptor
1467 2483 1634 2528 respicere

152 2539 300 2583 videtur,
325 2550 402 2574 cum
421 2540 547 2585 dicat§
565 2541 629 2576 26:
654 2545 686 2577 εἰ
710 2542 757 2577 δέ
777 2555 832 2582 τις
856 2543 964 2589 φήσει
988 2554 1036 2580 με
1060 2543 1144 2582 τοὺς
1169 2543 1300 2582 αὐτοὺς
1320 2543 1421 2582 (ἀεὶ)
1443 2545 1634 2576 ποιεῖσθαι

153 2599 283 2643 λόγους
306 2599 379 2640 (ἀεί
402 2608 443 2632 ex
467 2597 603 2633 Arnimi
626 2599 848 2642 coniectura).

246 2655 282 2701 3)
307 2655 456 2696 Dubito,
491 2667 575 2690 num
611 2657 654 2691 de
689 2658 811 2692 Arnim
846 2658 971 2692 merito
1003 2658 1023 2702 ξ
1049 2658 1095 2693 28
1132 2658 1235 2692 verba
1267 2661 1288 2701 ἢ
1311 2660 1428 2703 λέγειν
1457 2658 1633 2700 deleverit,

154 2714 314 2760 quoniam
338 2713 460 2749 medici
484 2716 540 2749 est
565 2725 738 2752 semones
762 2716 807 2751 ad
830 2716 1032 2751 medicinam
1051 2716 1267 2763 pertinentes
1285 2728 1354 2752 non
1374 2717 1485 2752 solum
1504 2716 1632 2759 audire,

153 2773 215 2808 sed
238 2773 344 2808 etiam
367 2773 502 2808 habere.
552 2773 594 2808 de
617 2774 685 2809 fine
709 2776 730 2820 ξ
754 2776 800 2811 28
831 2775 872 2811 cf.
899 2786 985 2821 quae
1011 2775 1081 2810 dixi
1104 2787 1137 2821 p.
1163 2776 1220 2820 28,
1246 2776 1278 2811 2.
