1772 2936
753 703 997 775 Vita

223 947 355 992 Natus
386 959 477 989 sum
508 947 706 988 Iohannes
736 947 831 988 Max
852 947 1052 989 Emanuel
1073 946 1331 1001 Wegehaupt
1351 946 1617 989 Vratislaviae

134 1027 240 1070 Non.
274 1027 384 1082 Sept.
424 1039 529 1070 anno
567 1027 608 1068 h.
641 1040 672 1069 s.
704 1027 860 1070 LXXII
899 1030 1013 1081 patre
1052 1026 1281 1079 Guilelmo,
1321 1028 1396 1070 hoc
1435 1029 1614 1080 tempore

132 1109 334 1164 gymnasii
365 1108 710 1163 Hamburgensis,
751 1108 855 1164 quod
895 1109 944 1151 ab
975 1110 1220 1163 Imperatore
1250 1108 1458 1153 Guilelmo
1488 1109 1509 1151 Ι
1544 1119 1616 1150 no·

133 1203 227 1233 men
258 1190 384 1240 ducit,
414 1192 587 1240 rectore,
620 1192 748 1232 matre
780 1191 961 1244 Eugenia
991 1203 1012 1232 e
1042 1193 1163 1244 gente
1193 1191 1462 1233 Seidelmann.
1522 1189 1616 1231 fidei

133 1271 321 1314 addictus
350 1284 441 1314 sum
473 1270 740 1326 evangelicae.

221 1354 375 1395 Primis
414 1353 565 1395 litteris
596 1352 692 1394 ludo
722 1353 885 1405 publico
916 1352 1403 1395 Monaeho·Gladbaeensi
1433 1352 1618 1394 imbutus

131 1447 202 1490 per
231 1446 377 1489 paucos
409 1446 566 1477 menses
586 1432 766 1477 eiusdem
787 1433 899 1477 urbis
919 1434 1178 1489 gymnasium
1208 1433 1305 1484 adii,
1339 1435 1428 1477 tum
1449 1446 1521 1488 per
1540 1445 1613 1476 no-

132 1528 225 1557 vem
244 1516 328 1557 fere
347 1527 473 1557 annos
495 1514 704 1556 Neovedae
728 1514 979 1567 frequentavi
1009 1516 1279 1569 gymnasium,
1310 1515 1376 1556 eui
1406 1527 1477 1567 per
1506 1513 1614 1555 idem

132 1599 294 1652 tempus
313 1598 429 1651 pater
449 1598 641 1650 praeerat.
683 1608 776 1638 vere
806 1596 904 1638 anni
934 1595 1006 1638 XC
1026 1596 1276 1638 maturitatis
1295 1595 1529 1638 testimonio
1550 1595 1614 1637 in-

132 1679 312 1721 structus
341 1677 519 1732 primum
551 1689 621 1731 per
650 1678 715 1720 ter
744 1689 811 1719 sex
841 1689 999 1719 menses
1020 1677 1168 1730 Kiliae,
1201 1676 1343 1719 deinde
1373 1688 1444 1731 per
1464 1687 1614 1719 annum

132 1759 422 1808 Vratislaviae,
462 1760 554 1800 tum
592 1758 642 1800 ad
682 1759 908 1800 extremum
947 1757 1170 1813 Gottingae
1209 1758 1356 1800 studiis
1397 1770 1491 1799 eum
1519 1769 1611 1811 ger-

131 1840 305 1883 manicis
335 1842 377 1882 et
406 1839 720 1893 arehaeologicis
750 1841 838 1881 tum
871 1839 1128 1894 philologieis
1159 1851 1319 1892 operam
1356 1852 1450 1881 eum
1480 1838 1613 1880 dedis-

131 1934 236 1972 sem,
276 1922 448 1964 exeunte
487 1932 592 1963 anno
622 1919 732 1963 XCV
776 1920 826 1963 ad
865 1932 1044 1963 summos
1083 1921 1126 1963 in
1165 1920 1419 1975 philosophia
1448 1920 1617 1963 honores

134 2002 394 2058 capessendos
439 2001 624 2045 examine
662 2002 898 2056 perfunctus
937 2001 1070 2045 media
1118 2001 1283 2045 huiusce
1321 2001 1418 2044 anni
1462 2002 1614 2044 aestate

130 2097 298 2128 examen
328 2097 400 2139 pro
431 2083 625 2126 facultate
657 2084 824 2126 docendi
856 2084 934 2126 rite
964 2084 1135 2126 absolvi.

220 2165 454 2209 Doeuerunt
484 2178 549 2207 me
581 2165 660 2207 viri
690 2164 914 2208 doctissimi
945 2165 1080 2214 Blass,
1112 2166 1257 2215 Bruns,
1289 2165 1443 2215 Busolt,
1474 2164 1614 2214 Oauer,

131 2248 332 2298 Deussen,
378 2246 582 2289 Erdmann
614 2247 654 2299 †‚
700 2246 747 2289 Ο.
784 2246 988 2300 Rossbach
1003 2278 1013 2297 ‚
1062 2228 1189 2289 Wolff
1229 2246 1454 2296 Kilienses;
1501 2245 1613 2296 Caro,

129 2329 326 2378 Foerster,
359 2328 632 2378 Hillebrandt,
663 2328 910 2378 Kaufmann,
941 2329 992 2370 A.
1017 2328 1234 2378 Rossbach,
1266 2327 1440 2370 Skutsch
1458 2327 1614 2370 Vratis-

129 2410 349 2461 lexiensem
387 2410 580 2461 Beehtel,
623 2410 813 2466 Dilthey,
853 2409 1028 2461 Gercke',
1065 2410 1228 2466 Heyne,
1259 2390 1480 2460 Kielhorn,
1520 2410 1614 2460 Leo,

130 2491 301 2542 Muller,
346 2491 525 2542 Boetho,
565 2491 756 2541 Schulze,
797 2491 846 2533 de
878 2490 1479 2534 Wilamowitz·Moellendorff
1511 2489 1614 2533 Got-

129 2573 348 2628 tingenses.
390 2571 495 2628 regii
516 2572 818 2627 philologorum
839 2572 1118 2627 proseminat-ii
1142 2571 1292 2616 sodalis
1314 2571 1376 2615 fui
1399 2583 1470 2626 per
1489 2583 1604 2614 senos

132 2665 292 2697 menses
311 2653 450 2697 Kiliae
470 2652 827 2709 Vratislaviaeque,
858 2666 929 2708 per
958 2666 1111 2697 annum
1140 2652 1376 2708 Gottingae,
1406 2651 1614 2696 seminarii
