1772 2936
839 53 893 91 74

123 174 394 229 coniungatur
432 188 526 219 cum
566 173 643 219 οὐκ
681 175 846 234 ἄχαρις.
909 176 1040 220 denuo
1079 175 1253 227 accedit,
1294 175 1399 230 quod
1439 178 1481 219 et
1518 176 1626 219 haec

123 245 325 288 sententia
364 245 550 288 immissa
580 248 624 288 et
654 247 678 300 ξ
714 252 794 289 102
828 246 975 289 iisdem
1005 247 1141 290 verbis
1177 245 1492 299 concluduntur:
1531 262 1615 304 μη-

125 313 225 358 δένα
272 313 458 371 (οὐδένα)
503 316 578 359 τὸν
621 315 912 374 συνηδόμενον.
973 319 1018 367 ,ει
1057 330 1135 372 qua
1173 317 1221 359 de
1259 328 1378 359 causa
1414 316 1495 358 Dio
1534 317 1621 359 huc·

122 388 260 439 postea
290 383 474 443 ἐρημίαν
505 386 746 437 immiserit,
787 386 1021 441 intelleges,
1063 399 1155 430 cum
1191 385 1341 429 videris
1372 397 1464 428 eum
1495 398 1625 441 supra,

124 458 148 510 ξ
182 462 236 499 96
268 454 450 513 ἐρημίαν
479 456 561 498 iam
595 469 939 499 commemorasse.
1002 457 1107 511 quod
1128 470 1222 499 vero
1243 457 1290 498 de
1311 457 1459 499 Arnim
1485 458 1619 499 totam:

123 527 148 580 ἓ
182 532 265 569 103
298 526 479 573 seclusit.
512 538 592 569 non
623 526 791 577 accedo;
824 526 955 569 adhuc
985 526 1095 569 enim
1126 527 1296 582 scriptor
1316 526 1360 569 in
1381 526 1614 570 universnm

122 597 171 638 de
202 597 387 639 amicitia
417 597 578 639 locutus
608 600 681 647 est,
713 610 820 639 nunc
851 609 945 638 cum
975 596 1025 638 ad
1054 596 1176 638 finem
1206 597 1446 650 pervenerit,
1476 608 1613 651 regem

122 666 406 709 beatissimum
451 667 637 709 omnium
683 679 766 710 esse
807 667 930 717 dicit,
970 667 1043 721 qui
1080 678 1104 709 a
1143 666 1332 721 plurimis
1371 669 1412 710 et
1451 666 1625 721 optimis

121 737 267 779 amicis
312 737 521 792 diligatur.
586 740 745 779 mutato
791 739 926 779 autem
968 726 1005 793 ᾦ
1045 737 1125 794 γὰρ
1173 736 1375 779 πλεῖστοι
1415 737 1460 779 in
1499 725 1537 794 ᾦ
1567 735 1621 780 δὲ-

125 807 326 850 πλεῖστοι
359 808 496 849 omnia
526 810 636 849 recte
668 807 900 860 procedunt.

211 878 236 933 ἓ
271 883 402 922 104-
420 883 501 921 107
536 879 674 932 postea
703 877 861 921 additas
893 890 977 920 esse
999 877 1048 919 de
1069 877 1347 921 Wilamowitz
1368 877 1488 920 facile
1508 878 1620 920 mihi-

121 947 333 1001 persuasit,
366 960 457 989 cum
491 948 576 1001 ipse
607 948 689 989 iam
721 947 982 999 dubitassem,
1013 947 1212 1001 quomodo
1233 959 1325 990 cum
1352 946 1626 1002 sequentibus-

121 1019 383 1068 cohaereant;
414 1018 640 1072 respiciunt
669 1020 809 1061 autem
841 1020 866 1072 ἓ
899 1025 968 1062 87.
1029 1018 1176 1073 quibus
1217 1018 1363 1061 deletis
1391 1018 1621 1061 amicorum:

121 1101 184 1130 res
228 1089 425 1130 secundae
465 1088 620 1142 optime
661 1089 770 1143 regis
810 1088 1104 1130 beatitudinem
1150 1090 1351 1131 secuntur.
1413 1100 1484 1132 suo
1524 1088 1621 1131 iure⁴

122 1158 266 1201 deinde
298 1160 340 1201 in
374 1160 399 1213 ξ
425 1165 506 1202 108
530 1159 579 1200 de
611 1159 755 1201 Arnim
789 1159 909 1201 verba
941 1159 1130 1210 πολλαῖς
1160 1158 1208 1202 δὲ
1238 1157 1451 1210 διανοίαις
1481 1174 1612 1216 φρον-

122 1227 296 1282 τίζοντα
341 1228 626 1284 βουλεύεσθαι
669 1231 717 1272 nt
755 1229 1000 1284 interpolata
1038 1229 1231 1281 seclusit,
1271 1229 1423 1273 iniuria
1462 1231 1613 1280 autern,

120 1303 318 1355 quantum
350 1300 539 1354 equidem
569 1301 721 1350 sentin,
765 1302 789 1354 ξ
825 1305 921 1350 109,
953 1312 1053 1354 quae
1084 1300 1132 1342 de
1165 1300 1323 1342 divitiis
1353 1302 1470 1350 sunt,
1508 1299 1617 1341 item.

125 1370 278 1412 iniuria
299 1372 323 1424 ξ
348 1377 432 1413 110
454 1372 690 1420 extremam,
721 1382 802 1423 qua
825 1370 901 1411 Dio
922 1370 1177 1423 proverbium
1200 1370 1460 1412 notissimum
1493 1382 1618 1411 suum

125 1440 168 1482 in
200 1452 319 1482 usum
353 1439 490 1482 vertit.

211 1510 323 1562 Quae
363 1513 555 1552 secuntur
593 1510 774 1552 eiusdem
814 1511 897 1552 fere
934 1510 1095 1564 generis
1130 1510 1319 1552 videntur
1349 1522 1456 1559 esse,
1496 1509 1623 1551 cuius-

123 1583 147 1633 ἓ
176 1586 232 1624 90
254 1583 296 1622 et
319 1586 387 1624 91.
430 1580 635 1635 duplicem
657 1580 786 1635 igitur
807 1593 1003 1623 conexum
1025 1580 1151 1623 etiam
1173 1582 1247 1623 hoc
1268 1580 1355 1623 loco
1386 1593 1620 1634 cognoscas,

120 1651 318 1705 priorem:
356 1652 467 1693 ὥστε
497 1649 648 1692 οὐδένα
679 1652 845 1708 ἡγεῖται
876 1659 962 1692 τῶν
992 1683 1002 1692 .
1025 1682 1035 1692 .
1058 1683 1068 1692 .
1100 1650 1318 1693 ἀδυνάτων
1347 1644 1469 1693 εἶναι.
1520 1651 1611 1706 ἅμα

121 1721 201 1778 γάρ
233 1737 301 1772 τις
331 1721 492 1764 ἀδικῶν
523 1721 786 1779 πεφώραται
807 1720 883 1764 καὶ
915 1721 1042 1779 δῆλον
1073 1719 1324 1779 πεποίηκεν,
1357 1720 1425 1763 ὅτι
1456 1719 1533 1763 οὐκ
1562 1719 1621 1778 ἦν·

120 1789 260 1850 φίλος.
322 1790 470 1835 καίτοι
502 1825 511 1834 .
535 1824 544 1834 .
568 1824 578 1834 .
610 1791 741 1835 κακόν
770 1807 814 1835 τι
847 1791 1110 1836 ἀπολαῦσαι.
1163 1792 1297 1843 οὕτως
1321 1789 1369 1835 δὲ
1389 1790 1503 1835 πάνυ
1535 1791 1621 1849 τὴν·

119 1860 273 1919 φιλίαν
295 1863 383 1904 κτλ.
421 1863 709 1915 posteriorem:
733 1864 843 1904 ὥστε
859 1862 934 1904 καὶ
957 1865 1144 1904 παθεῖν.
1157 1894 1166 1903 .
1182 1893 1192 1904 .
1209 1861 1412 1917 κέκρικεν.
1448 1862 1542 1903 ὅσοι
1562 1860 1617 1903 δὲ·

121 1931 378 1975 πεπόνθασι
394 1931 541 1984 δεινόν,
567 1923 638 1974 ὑπ’
660 1930 827 1989 ἐχθρῶν
845 1931 1100 1975 πεπόνθασι
1118 1966 1128 1975 .
1139 1965 1149 1974 .
1163 1965 1173 1974 .
1192 1929 1355 1988 ἐχθροί.
1387 1931 1453 1974 δεῖ
1468 1928 1541 1974 οὖν
1553 1963 1562 1973 .
1579 1964 1588 1974 .
1599 1964 1618 1973 ..

118 2000 267 2056 ὄνομα.
305 2003 486 2057 primum
508 2003 618 2044 enim
641 2002 797 2044 dnobus
827 2002 913 2044 illis
935 2003 1170 2053 enuntiatis,
1201 2015 1303 2057 quae
1323 1991 1394 2056 per
1415 2002 1525 2044 ὥστε
1545 2001 1610 2043 in-

119 2073 291 2126 cipiunt,
312 2072 432 2126 plane
454 2073 560 2114 idem
585 2072 749 2121 dicitur,
781 2075 870 2114 tum
891 2073 1102 2126 sequentia
1131 2085 1211 2115 non
1243 2073 1344 2115 bene
1375 2073 1618 2125 cohaerent3.

118 2142 288 2192 accedit,
306 2142 412 2196 quod
429 2140 573 2184 καίτοι
590 2142 693 2185 illud
714 2143 774 2185 sic
793 2142 980 2196 intellegi
998 2143 1064 2185 vix
1080 2144 1225 2197 potest.
1258 2142 1457 2197 coniunge
1472 2143 1616 2185 autem-

118 2213 224 2256 hanc
253 2214 500 2256 sententiam
532 2227 624 2256 cum
647 2210 692 2256 (ἐν
711 2222 798 2256 τῶν
817 2212 1050 2268 λεγομένων
1070 2214 1290 2257 ἀδυνάτων
1319 2208 1429 2256 εἶναι
1459 2214 1615 2266 (anim-

121 2283 287 2326 adverte
318 2284 539 2338 repetitum
571 2282 807 2340 ἀδύνατον),
838 2284 899 2327 ita
928 2286 977 2327 ut
1007 2284 1127 2327 verba
1157 2285 1249 2339 ἅμα
1278 2284 1358 2340 γὰρ
1380 2316 1390 2326 .
1409 2316 1446 2326 ..
1469 2281 1617 2342 φίλος,

117 2354 265 2409 quibus
295 2367 398 2409 quae
428 2358 549 2398 antea
587 2355 697 2397 dicta
734 2357 843 2406 sunt,
885 2356 1063 2398 breviter
1093 2356 1367 2409 explicantur,
1413 2355 1528 2408 quasi
1566 2353 1619 2397 ἐν’

119 2423 381 2481 παρενθέσει
413 2425 572 2468 adiecta
602 2426 697 2468 sint.

210 2495 316 2549 Dc§
343 2501 423 2538 116
447 2498 489 2537 et
512 2502 593 2538 117
628 2495 751 2538 initio
792 2497 930 2549 postea
960 2495 1163 2550 agendum
1194 2494 1284 2537 erit.
1341 2498 1450 2538 certe
1481 2495 1608 2538 inter-

117 2565 253 2618 polata
283 2567 345 2608 est
376 2567 400 2619 ξ
435 2572 532 2616 118,
573 2579 673 2620 quae
704 2565 758 2608 ad
791 2568 815 2620 ξ
849 2571 1078 2609 104-107
1112 2565 1301 2620 pertinet.
1364 2565 1458 2608 finis
1487 2565 1618 2607 huius

118 2635 245 2689 partis
275 2637 317 2689 (ξ
354 2638 455 2691 122)
488 2636 661 2678 mutilus
691 2639 764 2685 est,
794 2649 889 2678 nam
922 2636 1094 2679 Dionem
1134 2638 1221 2678 tam
1259 2648 1386 2690 pauca
1425 2636 1474 2677 de
1513 2647 1616 2677 con-

117 2704 260 2761 iugum
291 2718 426 2750 amore
458 2699 663 2750 dicturum
694 2706 818 2750 fnisse
849 2707 934 2750 veri
964 2706 1288 2750 dissimillimum
1320 2709 1394 2749 est.
