1772 2936
196 767 313 834 Dio
344 791 648 846 Chrysostomus
679 790 913 832 Prusaensis
952 790 1060 832 inter
1099 802 1164 832 eos
1203 790 1367 844 imperii
1404 789 1578 832 Romani

96 862 311 917 scriptores
342 863 415 912 est,
446 861 518 915 qui
549 861 592 902 in
622 861 737 903 tanta
766 860 995 902 litterarum
1022 872 1100 902 non
1124 860 1257 902 minus
1277 872 1397 915 quam
1419 871 1579 901 morum

96 933 351 986 corruptione
397 933 438 974 et
482 932 644 985 propter
682 930 875 972 virtutem
920 931 962 972 et
999 932 1159 983 propter
1204 930 1406 972 scribendi
1447 932 1578 972 artem

94 1002 212 1057 digni
243 1003 360 1051 sunt,
403 1001 472 1055 qui
510 1000 737 1043 laudentur.
801 1012 929 1054 neque
959 999 1001 1042 id
1032 1000 1071 1042 ei
1102 999 1266 1042 crimini
1296 999 1473 1042 dandum
1504 1000 1577 1046 est.

92 1072 201 1127 quod
231 1072 331 1114 item
363 1073 411 1114 ut
441 1071 683 1114 Plutarchus
703 1072 735 1126 ¹)
766 1072 919 1113 veteres
940 1069 1111 1112 Graecos
1138 1070 1352 1124 scriptores
1380 1070 1577 1124 sequitur,

97 1155 189 1184 nam
231 1142 383 1184 talibus
423 1141 672 1195 temporibus
712 1141 890 1194 optimus
928 1140 965 1182 is
1004 1142 1087 1189 est,
1135 1140 1204 1194 qui
1245 1153 1293 1182 ex
1331 1140 1578 1194 optimorum

94 1212 279 1265 exemplo
317 1210 476 1265 pendet.
539 1211 709 1252 Dionem
749 1210 856 1252 haud
898 1222 986 1252 raro
1025 1222 1103 1252 non
1143 1222 1254 1260 suaa,
1295 1209 1364 1252 sed
1406 1210 1577 1252 aliorum

93 1281 339 1334 scriptorum
379 1280 602 1323 sententias
639 1280 815 1334 proferre
856 1283 898 1321 et
937 1281 1005 1321 hic
1043 1280 1134 1322 illic
1164 1283 1319 1323 veteres
1348 1280 1503 1322 imitari
1535 1282 1578 1322 et

95 1351 268 1393 editores
298 1349 441 1393 multis
470 1350 570 1393 locis
600 1350 682 1392 iam
713 1350 957 1393 adnotarunt
987 1352 1029 1393 et
1059 1350 1136 1393 duo
1167 1350 1340 1393 maxime
1371 1350 1447 1393 viri
1468 1349 1577 1393 docti

95 1421 192 1463 huic
233 1421 291 1462 rei
338 1422 472 1463 studia
516 1421 822 1475 impenderunt,
869 1423 1061 1463 Ernestus
1101 1421 1249 1463 Weber
1267 1423 1300 1476 ²)
1345 1424 1387 1463 et
1426 1422 1578 1463 Paulus

96 1492 239 1546 Hagen
259 1492 293 1546 ⁸)
324 1492 395 1533 ille
415 1493 463 1534 ut
482 1492 646 1546 cynicae
676 1491 951 1545 philosophiae
973 1492 1145 1546 vestigia
1163 1505 1234 1546 per
1254 1492 1396 1534 Dionis
1425 1492 1577 1546 scripta

93 1564 417 1616 persequeretur,
456 1562 523 1603 hic
561 1564 608 1603 ut
639 1562 951 1612 demonstraret,
992 1574 1090 1615 quos
1121 1562 1335 1616 scriptores
1365 1562 1444 1604 Dio
1479 1561 1577 1604 imi·

95 1633 251 1673 taretur
282 1632 631 1686 „mythographus
661 1633 703 1673 et
734 1631 1002 1686 mythologus‚
1032 1632 1257 1686 theologus,
1289 1632 1459 1673 Homeri
1489 1634 1577 1674 stu-

90 1701 249 1751 diosus,
288 1701 388 1743 artis
426 1702 706 1743 aestimator“.
775 1714 873 1756 quos
910 1701 1017 1744 viros
1055 1703 1102 1744 ut
1145 1701 1291 1743 tertius
1320 1713 1505 1756 sequerer
1535 1703 1578 1743 et

90 1771 143 1813 <le
176 1771 303 1813 Dione
335 1772 614 1825 Xenophontis
655 1773 851 1814 sectatore
890 1772 1128 1822 scriberem,
1170 1784 1248 1813 non
1288 1772 1416 1825 gloria
1456 1771 1576 1825 plane

95 1840 188 1882 novi
220 1842 262 1882 et
291 1840 421 1883 adhuc
452 1841 584 1895 ignoti
615 1841 771 1895 aliquid
802 1842 1029 1896 proferendi
1060 1854 1127 1884 me
1157 1841 1346 1892 adduxit,
1386 1841 1576 1896 quoniam

90 1911 136 1960 et
159 1910 328 1951 Dionem
359 1923 381 1951 e
411 1912 677 1965 Xenophonte
708 1911 853 1954 multis
883 1911 983 1953 locis
1013 1911 1183 1965 pendere
1213 1911 1447 1953 iamdudum
1481 1923 1576 1953 con-

92 1981 176 2022 stat
206 1982 248 2021 et
278 1980 448 2034 scriptor
478 1981 563 2035 ipse
593 1981 761 2032 indicat,
793 1983 943 2035 quanta
963 1981 1205 2023 auctoritate
1226 1981 1450 2035 Xenophon
1470 1980 1576 2035 apud

188 2156 223 2198 1)
247 2155 390 2190 Dionem
423 2157 460 2190 et
483 2155 709 2191 Plutarchum
742 2156 896 2191 amicitia
926 2156 1019 2191 inter
1051 2167 1087 2191 se
1120 2156 1322 2191 coniunctos
1352 2156 1457 2190 fuisse
1491 2156 1577 2191 dicit

92 2213 263 2258 Breitung
299 2214 383 2257 (das
419 2214 519 2249 leben
555 2214 616 2249 des
651 2214 728 2250 Dio
765 2213 1046 2260 lerysostomus.
1106 2214 1299 2250 Gebweiler
1337 2215 1457 2258 1887).
1506 2214 1576 2249 iam

91 2271 286 2306 Volkmann
312 2272 396 2315 (das
422 2273 521 2307 leben
546 2272 607 2308 des
631 2273 814 2308 Plutarch
837 2273 866 2308 I
868 2299 878 2317 ,
907 2284 948 2318 p.
973 2274 1052 2317 110)
1086 2273 1177 2307 idem
1202 2273 1406 2307 dubitanter
1430 2273 1577 2307 coniecit

89 2341 112 2364 e
130 2330 312 2364 Plutarchi
338 2331 545 2376 scriptorum
564 2331 731 2375 catalogo.
780 2333 887 2375 negat
904 2331 995 2366 Trou
1017 2331 1099 2374 (der
1117 2334 1340 2376 soyenannte
1359 2330 1575 2375 Lamprias·

88 2388 241 2433 kataloy
268 2387 333 2422 der
357 2388 720 2432 Plutarchscluiften
741 2400 780 2434 p.
806 2391 879 2430 47).

187 2447 223 2489 2)
247 2446 306 2481 De
332 2446 454 2481 Dione
479 2446 730 2492 Chrysostomo
757 2447 975 2493 Cynicorum
999 2451 1173 2483 sectatore
1197 2447 1404 2493 (Leipziqer
1427 2447 1576 2483 studien

91 2505 158 2542 vol.
184 2504 225 2549 V,
244 2515 285 2550 p.
307 2505 517 2548 79—268).
562 2505 630 2539 iam
655 2507 758 2539 autea
781 2505 1019 2540 Ferdinandus
1043 2506 1223 2543 Diimmler
1245 2505 1282 2540 in
1306 2505 1574 2541 Antisthenicis

84 2564 218 2608 (Halle
241 2564 351 2609 1882)
376 2564 413 2597 et
437 2562 473 2597 in
497 2562 729 2599 Academicis
752 2563 884 2609 passim
909 2563 951 2599 de
975 2564 1086 2599 Dione
1110 2564 1195 2614 egit.

185 2623 222 2666 3)
249 2621 485 2668 quaestiones
508 2621 675 2657 Dioneae
697 2622 797 2666 (diss.
822 2623 939 2668 inaug,
963 2622 1033 2658 Kil.
1061 2623 1178 2666 1871).

1270 2684 1287 2716 1
