1772 2936
778 68 983 127 “AL-

138 190 233 234 deos
278 191 573 234 Melancomam
617 192 828 244 propterea
865 191 969 233 mori
1016 188 1201 240 iussisse,
1249 202 1298 231 ne
1337 189 1620 244 progrediente

138 263 271 304 aetate
301 262 389 304 eius
418 261 674 316 pulchritudo
711 261 984 311 evanesceret,
1023 259 1211 302 imitatus
1241 261 1305 303 Ps.
1339 260 1621 313 Xenophontis

139 330 262 374 verba
290 331 407 386 Apol.
433 339 457 375 6
489 331 554 374 vel
585 330 756 384 Apomn.
777 330 850 381 IV,
871 336 912 382 8,
934 336 975 374 8.
1038 329 1085 372 de
1118 330 1256 372 eodem
1287 330 1452 372 homine
1483 332 1621 372 autem

140 400 184 443 in
214 402 397 457 sequenti
418 401 597 445 oratione
619 400 816 455 queritur,
847 401 951 456 quod
972 402 1158 444 mortuus
1183 402 1256 452 est,
1289 413 1381 443 nam
1403 401 1620 455 pulchrum

140 472 345 514 hominem
378 472 501 514 etiam
534 472 663 513 virum
698 473 739 512 et
770 484 906 513 senem
938 471 1154 525 pulchrum
1185 483 1291 521 esse,
1323 473 1485 513 secutus
1515 471 1618 513 Xen.

139 541 275 596 Symp.
296 541 369 592 IV,
400 548 466 584 17.
530 541 879 584 commemoranda
908 542 1115 595 praeterea
1146 541 1329 595 exempla
1358 540 1465 582 haud
1496 553 1622 594 pauca

138 613 255 661 sunt,
312 624 413 666 quae
473 612 550 654 Dio
608 612 891 665 Xenophonti,
948 613 996 653 ut
1045 612 1225 661 videtur,
1286 611 1423 660 debet,
1474 613 1522 652 ut
1573 610 1621 652 de

141 681 264 723 nauta
308 680 350 722 in
397 681 475 723 fine
513 694 568 724 or.
611 681 779 732 XXXI,
825 680 874 723 de
904 680 1079 736 aegrotis
1109 693 1163 724 or.
1197 680 1308 732 XIV,
1343 687 1381 731 6,
1427 681 1475 722 de
1507 680 1621 723 Circe

140 750 271 804 (VIII,
304 752 396 806 21),
448 751 619 794 Tantalo
658 751 759 806 (VI,
793 753 889 806 55),
936 751 1152 794 Palamede
1182 751 1323 805 (XIII,
1357 751 1451 805 21),
1492 762 1620 804 neque

138 821 495 875 praetermittenda
539 824 601 865 est
639 822 776 864 fabula
817 822 891 864 illa
922 822 1126 864 Prodicea.
1188 834 1492 874 nonnumquam
1544 820 1621 862 Dio

140 890 343 947 vituperat
389 905 453 946 ea,
509 905 609 948 quae
663 892 885 948 Xenophon
931 892 1132 944 laudavit,
1187 894 1228 935 et
1280 893 1405 935 semel
1455 892 1620 946 quidem

141 961 212 1012 ita,
244 964 291 1003 ut
320 965 505 1016 apertum
536 964 591 1005 sit
621 976 714 1005 eum
745 964 1057 1017 Xenophontem
1087 965 1280 1017 spectare.
1327 965 1405 1010 ‚est
1436 963 1546 1004 locus
1576 962 1620 1003 in

141 1031 218 1074 fine
249 1033 441 1076 orationis
470 1034 630 1085 tertiae,
661 1034 733 1076 ubi
754 1035 802 1076 de
821 1034 1033 1076 venatione
1053 1034 1247 1087 loquitur.
1310 1037 1352 1075 et
1377 1045 1620 1088 quamquam

140 1102 260 1144 verba
300 1115 366 1154 ea,
405 1104 552 1158 quibus
588 1104 812 1146 venationis
849 1104 938 1145 laus
968 1105 1011 1145 et
1041 1104 1225 1145 Persicae
1255 1103 1481 1146 venationis
1511 1104 1621 1146 vitu-

140 1173 297 1226 perium
329 1174 642 1228 coniunguntur,
673 1174 853 1228 intelligi
884 1187 962 1215 non
995 1176 1170 1227 possunt,
1202 1176 1337 1215 tamen
1365 1187 1386 1214 e
1409 1174 1621 1215 verborum

141 1241 413 1285 similitudine
433 1243 566 1287 elucet
587 1244 630 1286 in
651 1245 819 1300 utraque
841 1257 883 1287 re
906 1243 1078 1287 Dionem
1099 1243 1379 1298 Xenophontis
1400 1256 1620 1286 memorem

140 1312 276 1356 fuisse.
337 1314 449 1356 aliud
490 1315 717 1369 exemplum
758 1315 845 1357 eius
874 1314 934 1356 rei
966 1317 1027 1357 est
1056 1327 1112 1357 or.
1145 1315 1267 1364 XIII,
1302 1320 1369 1364 24,
1407 1314 1479 1356 ubi
1518 1313 1620 1356 item

141 1395 228 1426 mos
278 1384 490 1428 Persarum
542 1385 794 1440 vituperatur
837 1398 861 1428 a
907 1385 1172 1439 Xenophonte
1222 1384 1420 1428 laudatus.
1498 1397 1620 1438 quare

139 1454 329 1507 equidem
360 1467 440 1497 non
471 1455 633 1506 dubito,
666 1455 763 1509 quin
795 1455 863 1497 hic
893 1455 1116 1509 Xenophon
1148 1455 1288 1497 Dionis
1318 1456 1456 1497 auctor
1486 1453 1553 1497 sit.

230 1525 288 1568 At
326 1539 406 1568 non
445 1527 658 1569 sententiis
697 1527 847 1576 solum,
887 1526 955 1568 sed
995 1526 1120 1568 etiam
1161 1526 1318 1567 dicendi
1357 1538 1502 1578 genere
1542 1525 1621 1565 Dio

142 1595 422 1650 Xenophontis
452 1597 690 1650 sectatorem
721 1592 763 1639 s‘e
793 1595 968 1651 praebet.
1032 1608 1111 1650 qua
1143 1595 1190 1638 de
1221 1608 1263 1638 re
1294 1595 1373 1638 iam
1406 1596 1517 1644 sunt,
1549 1594 1622 1649 qui

139 1666 318 1719 egerint,
366 1667 431 1709 W.
465 1667 632 1709 Schmid
662 1667 705 1708 in
736 1667 863 1717 libro,
910 1666 979 1720 qui
1011 1668 1072 1708 est
1102 1666 1150 1707 de
1181 1666 1422 1716 Atticismo,
1461 1665 1621 1720 Pylari-

140 1748 213 1779 nos
233 1737 264 1791 ¹)
295 1736 405 1790 (diss.
435 1737 537 1791 phil.
569 1736 732 1791 Erlang.
768 1742 901 1781 1887:
939 1736 1171 1793 παραβολὴ
1202 1734 1366 1786 Δίωνος
1395 1742 1471 1778 τοῦ
1501 1738 1621 1792 Χρυ-

137 1806 351 1860 σοστόμου
383 1807 494 1863 πρὸς
524 1806 743 1855 Πλάτωνα
774 1806 1031 1864 Ξενοφῶντα
1062 1805 1320 1863 Δημοσθένη
1352 1805 1427 1848 καὶ
1458 1803 1621 1859 Αἰσχί-

141 1879 252 1934 νην);
291 1877 390 1919 adde
429 1890 532 1931 quae
571 1878 745 1921 editores
782 1877 832 1920 ad
873 1877 1055 1932 singulos
1087 1877 1228 1919 Dionis
1269 1879 1311 1919 et
1340 1876 1621 1931 Xenophontis

140 1947 249 1989 locos
285 1947 577 1991 adnotaverint.
649 1948 737 2001 Qua
776 1948 825 1991 de
870 1961 913 1990 re
959 1961 1052 1990 cum
1098 1949 1283 1990 accurate
1329 1959 1408 1988 non
1455 1948 1621 1989 acturus

141 2017 219 2059 sim
232 2050 242 2068 ,
288 2017 412 2060 liceat
441 2019 730 2072 praetereundo
759 2019 921 2069 afferre,
961 2030 1062 2072 quae
1093 2018 1223 2059 adhuc
1253 2018 1439 2072 neglecta
1468 2017 1617 2059 inveni.

140 2100 180 2141 p.
214 2093 297 2132 143
336 2087 502 2131 Schmid
543 2102 588 2131 ea
618 2089 811 2132 vocabula
849 2090 1080 2140 enumerat,
1120 2101 1219 2143 quae
1251 2088 1328 2131 Dio
1358 2088 1620 2141 Xenophonti

140 2156 295 2200 debeat.
360 2159 423 2201 his
453 2158 574 2202 adde:

231 2231 275 2279 1)
305 2228 544 2285 ἀγρυπνεῖν.
605 2230 714 2272 inter
754 2230 915 2272 Atticos
953 2230 1164 2284 scriptores
1203 2230 1359 2284 primus
1395 2229 1621 2282 Xenophon

140 2297 216 2339 hoc
256 2299 375 2342 verbo
411 2299 475 2342 uti
507 2299 688 2350 videtur,
734 2312 768 2342 e.
807 2313 847 2355 g.
879 2301 1054 2354 Apomn.
1084 2300 1139 2349 H,
1173 2307 1211 2349 1,
1245 2306 1282 2343 3.
1329 2298 1406 2341 Dio
1435 2299 1510 2349 111,
1544 2304 1620 2349 59:

142 2367 300 2417 XLIX,
335 2374 401 2412 10.
463 2368 680 2427 ἄγρυπνος
717 2369 840 2413 etiam
882 2369 987 2425 apud
1027 2370 1238 2413 Platonem
1278 2372 1359 2420 est,
1405 2366 1621 2426 ἀγρυπνία

140 2437 245 2492 apud
276 2439 540 2483 Herodotum.

236 2615 271 2657 1)
296 2613 390 2657 Quae
414 2614 595 2659 Pylarinos
620 2616 779 2661 collegit,
813 2627 922 2663 pauca
955 2618 1038 2651 sunt
1070 2619 1107 2651 et
1137 2616 1287 2662 plurima
1323 2616 1460 2662 quidem
1486 2616 1528 2651 de
1552 2628 1621 2651 cer-

141 2675 256 2708 tarum
280 2673 449 2720 phraseon
473 2684 558 2716 usu;
591 2676 629 2709 et
661 2686 704 2710 ne
728 2675 813 2710 haec
836 2675 984 2721 quidem,
1011 2675 1102 2721 quod
1127 2676 1265 2721 quidem
1289 2675 1334 2710 ad
1358 2675 1620 2721 Xenophontem

144 2732 284 2777 attinet,
310 2734 471 2767 accurata
495 2735 589 2768 sunt.
