1772 2936
855 84 908 121 47

142 211 320 254 debetur.
374 214 460 253 tum
490 207 595 251 Iovis
616 207 788 250 virtutes
808 207 1040 251 nominibus
1070 207 1244 262 singulis
1273 207 1552 255 illustrantur;
1582 209 1624 250 et

141 283 239 323 haec
269 281 433 335 quidem
466 278 635 320 redeunt
664 278 714 319 ad
736 278 962 320 Stoicorum
993 277 1233 327 doctrinam,
1266 277 1414 331 quibus
1445 278 1628 320 maxime

143 352 324 407 Iuppiter
355 350 450 393 boni
471 349 578 403 regis
599 348 828 402 exemplum
861 355 934 391 est.
977 361 1071 390 nam
1092 361 1280 401 compara
1300 349 1403 391 hanc
1424 349 1530 391 Iovis
1551 360 1627 391 no-

141 423 298 465 minum
338 418 713 473 interpretationem
753 431 845 461 cum
880 418 1292 461 Pseudo-Aristotelis
1328 416 1431 475 περὶ
1461 417 1630 472 κόσμου

141 506 173 536 c.
206 492 326 542 VIII,
359 495 440 532 401
462 490 517 539 B,
564 489 634 543 qui
679 489 785 531 liber
825 489 1000 532 maxime
1039 489 1088 531 ad
1127 489 1295 531 stoicam
1326 488 1627 543 philosophiam

140 561 329 616 pertinet,
361 561 411 602 cf.
443 558 573 601 Zeller
595 560 611 586 ³
640 560 694 610 II,
729 566 771 610 1,
802 572 841 613 p.
876 566 956 603 631
972 573 1058 613 sqq.
1082 561 1126 614 ¹).
1189 563 1338 613 quanto
1377 571 1513 601 amore
1545 558 1631 600 Dio

140 633 243 673 hanc
275 629 647 683 interpretationem
679 630 886 683 amplexus
916 630 990 681 sit,
1032 642 1080 671 ex
1111 641 1156 672 eo
1196 629 1348 680 elucet,
1388 629 1492 684 quod
1532 641 1627 671 eam

139 704 222 751 ter,
265 700 431 742 fortasse
472 701 613 754 quater
651 700 808 743 attulit.
869 703 1007 743 utrum
1040 701 1117 742 Dio
1157 700 1308 742 librum
1340 700 1473 753 ipsum
1503 700 1621 741 lecti-

139 771 288 814 taverit
317 783 368 812 an
400 769 576 812 similem
609 770 776 821 fontem,
808 772 918 814 certa
948 771 1102 813 ratione
1134 770 1349 813 diiudicari
1378 782 1457 812 non
1477 770 1621 825 potest,

140 842 208 884 sed
253 841 413 883 videtur
459 853 537 882 non
581 841 718 883 eodem
765 842 870 883 libro
917 855 1011 884 usus
1057 854 1161 891 esse,
1217 841 1406 895 quoniam
1457 841 1624 883 nomina

143 911 298 963 Φύξιος
337 913 378 952 et
418 911 607 968 Κτήσιος
646 911 690 953 in
731 911 854 962 libro,
894 912 963 966 qui
1004 913 1065 954 est
1104 911 1151 953 de
1193 911 1363 962 mundo,
1396 925 1475 953 non
1514 912 1621 954 sunt.

141 984 341 1024 extremae
381 981 502 1023 huius
542 982 668 1034 partis
714 982 937 1024 sententiae
977 995 1113 1024 rursus
1152 982 1363 1033 Platonem
1405 983 1447 1023 et
1485 981 1621 1023 Xeno-

139 1052 332 1105 phontem
363 1050 537 1104 sapiunt.
598 1064 698 1105 quae
729 1051 912 1106 sequitur
952 1052 1130 1094 fabulam
1172 1052 1219 1093 de
1256 1064 1336 1093 anu
1376 1051 1513 1093 Eliaca
1544 1050 1630 1093 Dio

140 1122 225 1174 ipse
245 1121 406 1162 finxisse
429 1121 648 1162 censendus
679 1123 752 1169 est,
783 1123 831 1162 ut
852 1122 1043 1163 transiret
1073 1121 1122 1162 ad
1139 1121 1357 1163 Herculem
1389 1120 1485 1162 boni
1515 1119 1624 1173 regis

141 1190 382 1243 exemplum.
446 1190 588 1232 Dionis
619 1191 816 1233 Hercules
850 1191 1015 1245 cynicus
1045 1192 1128 1240 est,
1167 1203 1247 1243 qua
1279 1190 1326 1232 de
1357 1203 1400 1232 re
1431 1191 1630 1232 Ernestus

142 1260 291 1303 Weber
321 1262 383 1302 sat
414 1261 545 1303 multa
576 1261 770 1315 exposuit.
814 1261 862 1303 de
893 1262 1087 1316 allegoria
1110 1261 1302 1303 Prodicea
1332 1262 1491 1315 praeter
1521 1260 1624 1303 alios

140 1343 267 1384 nuper
306 1330 372 1374 W.
406 1330 566 1385 Capelle
612 1333 696 1386 egit
735 1332 799 1385 (de
843 1331 1090 1385 Cynicorum
1130 1331 1342 1384 epistulae,
1385 1331 1477 1374 diss.
1519 1331 1621 1385 phil.

141 1400 253 1443 Gott.
288 1403 417 1455 1896)
447 1414 485 1455 p.
520 1407 713 1452 31-39‚
755 1403 825 1457 qui
862 1402 1102 1456 comparatis
1143 1402 1196 1443 iis
1226 1402 1509 1455 scriptoribus,
1551 1400 1621 1455 qui

142 1483 228 1512 eam
269 1471 422 1512 imitati
462 1473 579 1521 sunt,
629 1472 799 1515 Dionem
830 1474 988 1526 praeter
1014 1472 1324 1525 Xenophontem
1355 1472 1467 1525 (nam
1498 1471 1625 1524 illum

144 1540 278 1593 ipsum
312 1540 482 1582 Dionem
514 1542 658 1584 adiisse
694 1555 764 1596 per
803 1555 845 1585 se
885 1542 1106 1584 verisimile
1138 1542 1216 1597 est)
1255 1541 1382 1584 alium
1414 1543 1621 1584 auctorem

142 1611 254 1662 sequi
291 1611 487 1660 ostendit,
534 1613 638 1665 apud
678 1625 798 1671 quem
842 1613 920 1655 Dio
960 1612 1055 1654 duas
1094 1613 1187 1654 illas
1228 1612 1399 1653 feminas
1437 1613 1487 1653 ab
1528 1611 1629 1653 aliis-

141 1679 319 1732 personis
347 1680 577 1734 allegoricis
607 1681 876 1724 circumdatas
906 1681 1119 1724 invenerit.

229 1749 388 1791 0R.11,
440 1751 573 1792 Etiam
606 1752 704 1793 haec
734 1752 861 1794 oratio
892 1751 1039 1805 incipit
1059 1751 1109 1793 ab
1131 1751 1358 1793 Alexandro
1383 1751 1504 1804 atque
1534 1752 1627 1793 tota

143 1818 183 1859 in
216 1818 355 1860 eodem
378 1823 570 1862 versatur.
616 1821 755 1873 Dionis
776 1821 1048 1863 Alexandrum
1066 1821 1345 1874 Xenophontis
1361 1819 1461 1874 Cyro
1478 1819 1627 1862 maiori

142 1887 317 1929 similem
342 1900 425 1930 esse
456 1890 537 1931 iam
560 1892 821 1934 ostendimus.
853 1891 958 1933 haud
980 1890 1131 1934 iniuria
1152 1890 1362 1946 Pylarinos
1382 1890 1411 1933 1.
1434 1889 1469 1932 1.
1483 1891 1623 1932 monet

143 1958 419 2000 Alexandrum
450 1973 542 2002 cum
573 1963 687 2014 patre
719 1961 1012 2016 colloquentem
1054 1961 1231 2004 similem
1272 1973 1356 2002 esse
1387 1960 1487 2014 Cyro
1528 1973 1628 2002 cumv

143 2027 285 2069 matris
320 2029 435 2081 patre
472 2029 706 2081 disse1·enti;
738 2044 858 2085 quam
895 2032 942 2073 ad
973 2032 1312 2086 comparationem
1334 2031 1434 2073 bene
1454 2030 1624 2085 quadrat

143 2098 245 2139 illud
277 2099 367 2151 ἅμα
399 2100 568 2157 σπουδῇ
597 2100 771 2153 παίζειν
801 2102 896 2155 (Dio
928 2102 951 2156 ᾖ
984 2103 1074 2155 17),
1112 2101 1390 2154 Xenophontis
1422 2101 1522 2155 Cyro
1563 2101 1622 2143 fa-

142 2166 312 2210 miliare.
384 2167 611 2212 Alexander
651 2171 841 2226 Philippo
885 2171 1062 2214 ostendit
1102 2172 1324 2214 Homerum
1363 2170 1493 2213 solum
1535 2171 1629 2226 regi

143 2236 295 2290 optima
324 2240 519 2292 regnandi
548 2243 762 2295 praecepta
791 2242 896 2285 dare.

237 2389 272 2430 1)
296 2389 347 2423 De
371 2392 491 2425 nostro
515 2391 589 2426 loco
613 2403 647 2438 p.
673 2393 761 2429 640:
787 2393 898 2437 „md
916 2393 959 2428 in
975 2393 1071 2438 folye
1089 2393 1204 2428 dieser
1222 2392 1339 2428 seiner
1364 2393 1631 2429 allwaztenden-

142 2446 309 2492 wirkuny
344 2447 450 2491 fu'hrt
479 2448 570 2485 Gott
606 2450 666 2487 die
701 2452 921 2488 mancherlei
954 2462 1103 2496 namen,
1140 2451 1250 2487 deren
1283 2451 1515 2498 aufzdhlwnq
1544 2453 1628 2488 und

143 2507 338 2551 erkzdmnq
356 2507 398 2541 in
417 2507 482 2542 der
499 2509 630 2552 schrift
647 2515 724 2545 HK
737 2510 807 2546 das
823 2514 979 2556 yeprdye
998 2510 1058 2546 cles
1083 2510 1266 2546 ‹ichtesten
1283 2511 1486 2547 stoicismus
1511 2514 1622 2557 trdyt.

143 2566 209 2600 der
231 2575 347 2608 name,
372 2565 433 2599 die
453 2567 670 2610 praedicate
694 2569 775 2603 und
800 2569 859 2604 die
884 2568 1059 2612 herkwnft
1083 2568 1143 2604 des
1156 2569 1254 2604 Zeus
1271 2569 1415 2604 werden
1432 2569 1511 2605 hier
1526 2580 1625 2615 ganz

142 2624 193 2659 im
216 2624 391 2660 stoischen
415 2625 519 2659 sime
543 2625 720 2662 erklaeia·t“.
770 2628 947 2662 Posidonii
971 2628 1054 2661 haec
1077 2638 1152 2661 esse
1176 2627 1332 2673 plerique
1355 2628 1421 2662 viri
1445 2628 1537 2662 docti
1561 2639 1625 2673 pro

143 2685 237 2717 certo
260 2682 401 2724 habent,
426 2682 486 2716 alii
511 2681 553 2716 de
576 2682 720 2720 Nicolao
743 2685 956 2721 Damasceno
981 2685 1190 2730 cogitarunt.
1239 2685 1281 2721 cf.
1307 2685 1413 2721 etiam
1437 2686 1538 2731 Diog.
1563 2685 1634 2721 La..

142 2741 220 2784 VII,
241 2741 318 2776 147.
363 2741 404 2775 de
423 2741 543 2775 Dionis
563 2742 749 2778 stoicorum
769 2745 975 2790 scriptorum
989 2744 1105 2779 studio
1118 2744 1199 2779 audi
1211 2745 1326 2790 ipsum
1339 2756 1387 2780 or.
1407 2744 1546 2789 XLVII,
1567 2745 1600 2780 1.
