1772 2936
855 65 911 103 50

140 186 268 230 etiam
299 187 445 230 ceteris
475 187 544 230 hic
574 187 665 231 illic
694 188 892 232 eiusmodi
924 189 1004 232 loci
1035 189 1187 232 insunt.
1248 190 1413 243 uterque
1444 188 1627 242 exemplo

141 257 334 311 Syrorum
364 257 473 311 regis
503 258 650 308 utitur,
688 259 952 301 Philodemus
982 260 1055 308 111,
1092 265 1158 308 13,
1191 259 1268 300 Dio
1289 259 1357 307 IV,
1390 264 1487 301 113.
1530 270 1627 300 eun-

141 325 236 368 dem
281 325 330 367 de
370 326 556 370 Thersite
604 339 763 371 versum
809 329 982 371 afferunt
1021 328 1282 370 Philodemus
1311 328 1394 376 111,
1428 333 1504 377 27,
1553 328 1629 370 Dio

140 395 320 444 XXXII,
341 400 410 438 99.
448 395 497 437 de
516 395 687 438 Nestore
702 397 903 450 gloriante
922 397 1184 439 Philodemus
1198 397 1311 444 XXI,
1336 395 1412 437 Dio
1428 408 1484 438 or.
1504 396 1627 438 LVII.

142 464 279 518 itaque
310 464 472 507 etiamsi
510 466 559 507 de
590 466 907 516 necessitudine,
948 478 1049 521 quae
1079 467 1186 508 inter
1218 466 1388 508 Dionem
1420 466 1461 506 et
1489 464 1630 507 Philo-

143 533 308 576 demum
340 537 422 585 est,
463 535 566 577 certi
596 535 703 576 nihil
735 535 816 577 dici
854 537 1009 589 potest,
1051 538 1188 578 tamen
1217 536 1294 578 tali
1333 535 1628 588 comparatione

142 603 348 645 evincitur
377 604 476 645 haec
497 603 632 646 studia
655 604 870 646 Homerica
890 604 1080 647 omnibus
1109 605 1360 658 temporibus
1379 617 1402 647 a
1423 603 1630 658 scriptori-

144 674 219 715 bus
248 673 380 714 simili
410 673 568 715 ratione
598 675 774 716 tractata
795 686 891 716 esse.
936 686 1065 727 neque
1087 675 1165 715 Dio
1199 686 1277 716 uno
1309 675 1419 716 fonte
1439 687 1534 716 usus
1555 676 1626 716 est.

143 742 232 795 ipse
253 742 363 784 enim
386 755 442 784 or.
465 743 560 784 LIII
582 756 623 785 se
645 743 849 797 permulta
869 743 956 785 eius
972 744 1130 797 generis
1146 743 1296 796 scripta
1312 755 1425 785 nosse
1441 743 1627 785 ostendit.

142 824 224 865 qua
264 811 312 853 de
352 824 471 854 causa
510 812 698 866 equidem
733 813 909 855 Roberto
940 812 1089 854 Weber
1128 825 1204 854 non
1246 812 1417 854 concedo
1457 813 1628 854 Dionem

142 882 167 935 ἓ
198 887 254 924 47
297 894 317 923 e
358 881 596 924 Dioscuride
637 882 838 932 hausisse,
885 895 965 924 non
1011 895 1032 924 e
1074 882 1242 924 Platone
1287 883 1385 936 ipso.
1447 894 1539 923 nam
1581 882 1629 923 de

148 951 333 993 Platonis
362 950 511 993 studiis
542 951 771 993 Homericis
802 952 880 994 Dio
910 952 1026 1005 plura
1056 952 1099 994 in
1131 964 1187 993 or.
1222 952 1314 993 LIII
1346 951 1458 993 dicit.
1514 963 1629 1004 prae-

143 1022 255 1063 terea
300 1020 335 1062 si
381 1020 500 1062 verba
548 1019 664 1063 πάνυ
711 1019 857 1077 ὀρθῶς
897 1020 1002 1064 αὐτὸ
1040 1027 1166 1064 τοῦτο
1202 1020 1567 1078 ἀπεμνημόνευσεν
1605 1020 1629 1062 ὁ

144 1089 336 1132 Πλάτων
371 1090 454 1131 iam
486 1090 593 1143 apud
624 1091 903 1133 Dioscuridem
944 1092 1067 1133 fuisse
1107 1092 1229 1140 dicis,
1272 1091 1348 1132 Dio
1382 1089 1630 1132 Dioscuridis

146 1158 301 1202 librum
332 1158 568 1214 excripsisse
599 1160 821 1203 censendus
851 1162 924 1211 est,
957 1161 999 1203 id
1021 1162 1126 1215 quod
1149 1160 1334 1216 equidem
1367 1161 1483 1214 plane
1514 1172 1628 1214 nego.

145 1230 274 1271 immo
314 1230 577 1272 statuendum
624 1233 685 1272 est
724 1231 896 1272 Dionem
945 1232 1048 1272 hanc
1085 1231 1305 1272 orationem
1349 1231 1481 1284 ipsum
1520 1243 1629 1271 com-

145 1298 346 1352 posuisse,
384 1300 567 1353 exempla
597 1300 814 1342 Homerica
842 1300 946 1353 apud
979 1301 1108 1342 varios
1144 1302 1327 1342 auctores
1356 1300 1461 1341 lecta
1491 1312 1512 1340 e
1543 1312 1629 1340 me-

144 1368 275 1410 moria
312 1369 510 1411 attulisse.
571 1369 621 1412 ad
661 1369 950 1411 Antisthenem
991 1372 1128 1412 autem
1174 1371 1285 1411 certa
1330 1369 1484 1410 ratione
1523 1368 1630 1409 nihil

143 1437 286 1480 referri
318 1440 462 1491 potest.

233 1506 332 1549 Inde
363 1519 387 1549 a
417 1507 441 1561 ξ
473 1512 527 1550 66
561 1507 639 1549 Dio
670 1520 806 1562 regem
849 1507 998 1550 bonum
1039 1520 1132 1549 cum
1170 1510 1286 1549 tauro
1322 1509 1528 1561 comparat
1566 1519 1629 1548 se-

143 1578 264 1620 cutus
301 1576 539 1619 Homerum.
600 1590 723 1630 quem
762 1578 916 1620 fontem
957 1578 1026 1619 hic
1066 1578 1143 1619 Dio
1173 1579 1336 1619 secutus
1366 1577 1441 1626 sit,
1482 1577 1627 1625 nescio,

145 1646 288 1701 Hagen
320 1648 362 1688 et
392 1647 442 1689 R.
474 1646 626 1688 Weber
655 1647 830 1689 stoicum
861 1648 936 1689 hoc
974 1647 1202 1701 exemplum
1241 1659 1325 1688 esse
1356 1646 1628 1696 ostenderunt,

144 1718 190 1759 E.
215 1716 364 1759 Weber
394 1717 478 1759 iam
509 1717 797 1759 Antisthenem
830 1730 876 1760 eo
907 1730 1026 1759 usum
1058 1730 1143 1759 esse
1175 1717 1479 1758 demonstravit.
1521 1718 1628 1757 cete-

144 1798 237 1828 rum
268 1785 352 1828 iam
382 1799 502 1840 supra
532 1786 617 1828 dixi
649 1799 785 1840 regem
816 1786 936 1829 illum
968 1787 1011 1828 in
1044 1786 1189 1829 multis
1219 1787 1338 1828 rebus
1368 1798 1462 1828 cum
1495 1786 1628 1828 Xeno-

144 1856 310 1909 phontis
340 1856 504 1910 regibus
534 1857 772 1898 consentire.

237 1925 322 1968 ΟΒ.
355 1925 426 1969 III.
491 1926 551 1968 De
582 1926 776 1968 orationis
805 1926 989 1980 partibus
1019 1926 1176 1968 cumin
1198 1938 1364 1968 excursu
1397 1925 1518 1967 verba
1547 1925 1629 1967 fac-

143 1998 261 2038 turus
282 1996 374 2046 sim,
406 1996 472 2038 hic
503 1986 756 2050 singularum
777 1996 955 2049 partium
976 1998 1215 2051 argumenta
1233 1996 1432 2046 accedam,
1462 1995 1630 2050 quibus-

144 2078 239 2107 nam
270 2078 319 2107 ex
364 2065 544 2108 fontibus
589 2065 791 2108 fluxerint.
853 2067 1028 2119 primam
1074 2067 1231 2118 partem
1271 2078 1398 2118 usque
1438 2065 1488 2107 ad
1517 2065 1542 2117 ξ
1572 2070 1624 2106 41

146 2135 190 2176 Ε.
221 2134 372 2177 Weber
407 2135 570 2190 cynicae
609 2134 886 2188 philosophiae
926 2134 1132 2177 adscribit.
1193 2147 1273 2188 qua
1302 2147 1349 2177 ex
1379 2136 1492 2188 parte
1515 2146 1630 2180 rese-

143 2216 284 2246 cemus
314 2203 456 2246 statim
487 2205 512 2258 ἓ
544 2210 702 2254 3--11,
733 2216 835 2257 quae
865 2204 961 2247 huic
991 2204 1078 2247 loco
1107 2207 1223 2258 aptae
1254 2217 1334 2246 non
1364 2206 1471 2246 sunt.
1531 2204 1630 2245 haec

142 2275 242 2316 sunt
279 2274 453 2316 maxime
493 2274 804 2327 Xenophontea,
851 2274 1055 2317 immixtis
1098 2274 1237 2328 paucis
1276 2274 1498 2316 Platonicis
1539 2286 1630 2316 sen-

145 2343 301 2386 tentiis.
375 2343 476 2386 item
528 2343 762 2386 resecandae
812 2347 908 2387 sunt
959 2345 983 2398 §
1031 2350 1243 2393 12-24,
1294 2357 1395 2398 quae
1441 2345 1537 2386 sunt
1581 2342 1629 2385 de

143 2413 389 2456 adulatione.
454 2426 553 2468 quas
584 2413 727 2456 dubito
757 2427 857 2456 num
889 2415 965 2456 Dio
996 2414 1081 2468 ipse
1113 2414 1413 2468 excogitaverit,
1444 2414 1631 2456 laudatur

143 2485 283 2526 autem
332 2495 413 2526 non
463 2483 604 2538 cynica
648 2483 722 2525 illa
772 2483 939 2526 libertas
957 2516 967 2533 ,
1018 2496 1119 2537 quae
1165 2484 1213 2526 de
1264 2484 1377 2527 nulla
1421 2496 1464 2526 re
1510 2484 1629 2530 tacet,

145 2552 214 2595 sed
245 2565 338 2595 vera
367 2555 410 2595 et
439 2553 616 2606 genuina
646 2553 731 2595 iam
760 2565 784 2594 a
814 2554 1018 2596 veteribus
1057 2554 1303 2606 praedicata,
1343 2566 1463 2608 quam
1505 2552 1629 2594 etiam

146 2622 370 2675 Xenophon
409 2622 454 2663 in
495 2622 672 2664 Hierone
704 2622 744 2671 I,
779 2628 830 2664 15
871 2622 1022 2665 laudat.
1084 2623 1233 2676 quibus
1270 2623 1439 2666 remotis
1477 2622 1631 2663 restant

146 2691 225 2732 duo
255 2691 432 2733 Socratis
461 2690 625 2745 dialogi,
656 2691 761 2732 alter
792 2691 840 2732 de
862 2692 968 2745 regis
992 2693 1204 2734 Persarum
1228 2692 1425 2735 felicitate
1455 2691 1480 2744 ἓ
1505 2696 1629 2741 1-3,
