1772 2936
865 35 917 72 17

245 162 292 205 In
314 161 491 212 oratione
513 159 584 210 VI,
615 160 828 213 postquam
850 158 1051 213 Diogenes
1069 169 1163 212 rege
1181 159 1392 200 Persarum
1414 156 1634 201 beatiorem

149 245 194 275 se
233 244 317 275 esse
356 230 462 274 dixit
499 230 541 284 (ξ
573 230 704 284 1-7)
726 230 780 281 ¹),
819 228 990 283 scriptor
1025 227 1074 271 de
1104 227 1300 283 Diogenis
1336 228 1423 271 vita
1451 226 1635 282 loquitur

149 303 194 357 (ἕ
225 303 407 357 8—20),
448 313 529 355 qua
567 300 611 341 in
649 301 764 354 parte
802 312 896 342 cum
935 299 1066 342 multa
1095 299 1201 342 mihi
1231 312 1324 342 cum
1354 299 1636 353 Xenophontis

153 372 287 416 verbis
316 373 359 414 et
387 370 603 413 sententiis
632 371 857 413 consentire
887 369 1121 421 videantur,
1159 369 1336 412 breviter
1364 369 1528 412 afferam
1567 382 1635 412 eos

154 444 273 485 locos.
335 453 437 494 quae
467 441 537 482 hic
566 441 643 483 Dio
674 440 722 482 de
745 441 923 494 Diogene
953 442 1090 482 narrat
1120 452 1214 482 eum
1243 440 1319 482 vili
1349 440 1464 482 cultu
1493 452 1635 493 corpus

152 525 230 555 non
262 510 487 561 debilitare,
518 510 587 553 sed
607 510 871 561 corroborare,
903 509 1042 554 eadem
1064 510 1146 553 fere
1168 509 1351 553 Socrates
1370 509 1476 563 apud
1496 509 1633 552 Xeno-

151 583 345 636 phontem
375 581 550 635 Apomn.
581 581 621 631 Ι,
664 587 687 624 6
721 580 822 623 dicit
851 581 901 622 de
930 593 994 631 se,
1031 580 1167 623 confer
1197 579 1402 634 imprimis
1431 580 1455 634 ἓ
1487 584 1630 623 5—7.

152 652 357 707 praeterea
386 649 484 694 licet
513 651 653 694 afferre
684 651 850 694 Hieron.
881 651 923 703 I,
955 656 1009 695 25
1042 653 1085 693 et
1114 650 1236 706 Ages.
1266 650 1325 693 IX
1342 683 1352 701 ,
1386 657 1426 694 3.
1487 650 1539 694 ad
1568 662 1631 693 se-

149 722 313 777 quentis
342 722 581 777 paragraphi
611 722 743 776 prima
774 722 894 765 verba
913 721 1050 780 (ἥδιον
1069 720 1148 776 μὲν
1168 720 1462 776 ἀλεαινόμενος
1482 714 1631 780 ᾐσθά-

150 808 255 846 νετο,
287 793 406 851 ἥδιον
436 792 484 835 δὲ
514 790 671 843 σιτίοις
701 791 1010 850 προσεφέρετο)
1041 805 1227 847 compara
1257 793 1360 835 Xen.
1393 792 1530 847 Symp.
1562 791 1632 842 IV,

151 869 346 914 37—41,
382 862 454 905 ubi
485 862 751 905 Antisthenes
781 862 959 905 similem
989 862 1232 905 sententiam
1264 862 1469 904 similibus
1500 862 1633 905 verbis

150 934 316 987 profert.
377 931 579 986 Diogenes
608 933 705 974 anni
732 935 916 985 tempora
945 933 1148 987 sequitur,
1191 933 1250 974 ita
1285 934 1333 974 ut
1363 945 1443 974 uno
1473 944 1631 986 quoque

150 1004 365 1046 contentus
410 1002 477 1045 sit.
540 1002 678 1044 eadem
726 1002 774 1044 de
804 1014 923 1045 causa
961 1002 1100 1045 laudat
1120 1013 1122 1016 ’
1140 1002 1363 1056 Xenophon
1394 1002 1632 1057 Agesilaum

149 1074 222 1123 IX,
257 1079 281 1116 5
302 1074 349 1127 ²).
392 1073 528 1122 ceteri,
559 1073 717 1115 scilicet
736 1073 837 1114 mali
867 1072 1061 1122 homines,
1093 1072 1199 1127 quod
1224 1072 1276 1114 iis
1296 1072 1496 1122 omnibus,
1528 1085 1631 1126 quae

147 1143 343 1197 cupiunt,
376 1142 458 1184 frui
490 1141 609 1193 licet,
640 1143 770 1196 ipsam
801 1142 1050 1195 voluptatem
1082 1141 1369 1183 consuetudine
1400 1143 1442 1184 et
1471 1142 1631 1184 luxuria

149 1213 334 1266 perdunt.
376 1213 589 1254 simillima
619 1214 726 1263 sunt,
758 1225 860 1266 quae
890 1213 933 1254 in
966 1212 1102 1254 fabula
1132 1212 1206 1254 illa
1228 1212 1421 1254 Prodicea
1435 1213 1629 1266 (Apomn.

148 1283 202 1332 ΙΙ,
237 1284 279 1336 1)
301 1283 443 1324 Virtus
464 1281 649 1322 Malitiae
670 1281 835 1322 crimini
867 1281 937 1322 dat
967 1282 1008 1334 (ξ
1040 1285 1127 1332 30).
1158 1284 1297 1322 contra
1329 1282 1529 1335 Diogenes
1559 1282 1631 1324 siti

146 1355 190 1394 et
210 1353 317 1394 fame
347 1352 458 1393 cibos
487 1351 742 1393 iucundiores
771 1351 905 1393 reddit
934 1352 976 1405 (ἓ
999 1352 1092 1405 12);
1125 1351 1232 1393 idem
1263 1353 1447 1393 narratur
1477 1351 1526 1393 de
1556 1351 1629 1394 So-

146 1424 257 1463 crate
279 1423 451 1476 Apomn.
474 1422 506 1471 Ι,
539 1427 579 1471 3,
611 1426 651 1470 5,
683 1420 732 1462 de
752 1420 852 1475 Cyro
879 1420 1019 1475 Cyrop.
1043 1421 1095 1469 ΙΙ,
1129 1426 1168 1471 5,
1203 1426 1254 1462 12
1287 1422 1329 1462 et
1360 1421 1430 1471 IV,
1463 1426 1503 1469 5,
1533 1427 1561 1463 4
1580 1422 1626 1476 ³).

150 1491 243 1534 finis
262 1491 503 1545 paragraphi
524 1490 782 1533 duodecimae
801 1490 920 1545 plane
939 1491 1022 1532 fere
1043 1491 1244 1532 consentit
1263 1503 1355 1532 cum
1371 1490 1630 1533 Antisthenis

145 1645 210 1678 καὶ
236 1644 337 1688 ψύχη
360 1644 422 1677 καὶ
446 1644 572 1685 θάλπη
607 1644 669 1676 καὶ
705 1642 813 1688 λιμὸν
847 1644 909 1676 καὶ
940 1641 1053 1686 δίψος
1085 1642 1272 1677 δύνασθαι
1310 1644 1433 1688 φέρειν
1468 1643 1629 1677 ἐνταῦθα

143 1703 310 1748 μάλιστα
343 1702 551 1747 προσείθιζε
584 1701 668 1739 τοὺς
700 1706 882 1738 κοινῶνας.
936 1698 1016 1744 (quo
1048 1699 1122 1734 loco
1155 1701 1351 1744 comparato
1384 1702 1529 1746 apparet
1560 1711 1628 1735 non

144 1755 225 1794 cum
258 1758 303 1794 H.
339 1758 381 1793 de
413 1757 536 1793 Arnim
566 1758 586 1802 ξ
613 1758 681 1792 136
717 1753 914 1802 corruptam
947 1757 998 1791 ita
1031 1757 1216 1792 sanandam
1255 1768 1347 1801 esse,
1384 1760 1426 1792 ut
1461 1759 1629 1799 ἐθίζοντα

147 1817 289 1859 mutes.)
335 1816 424 1850 alius
448 1816 543 1850 locus
567 1816 648 1849 huic
681 1815 876 1850 simillimus
908 1817 964 1850 est
988 1814 1110 1861 Cyrop.
1135 1816 1164 1859 Ι,
1189 1816 1230 1859 2,
1257 1817 1320 1859 10,
1355 1816 1415 1850 ubi
1447 1817 1539 1851 idem
1571 1817 1628 1852 de-

144 1876 362 1910 monstratur
386 1873 565 1909 venatione
588 1873 730 1909 bellicas
755 1874 903 1909 virtutes
927 1874 1084 1910 exerceri.

243 1934 278 1976 1)
303 1932 401 1975 Quod
426 1933 599 1977 Diogenes
622 1933 724 1968 initio
749 1933 916 1968 orationis
940 1935 1062 1968 narrat
1086 1944 1122 1968 se
1140 1933 1322 1968 Persarum
1346 1945 1462 1978 regem
1485 1934 1627 1978 imitari,

146 1991 238 2036 regis
261 1991 323 2026 illa
346 1990 558 2026 consuetudo
582 2002 604 2025 a
626 1990 736 2025 Dione
760 1993 853 2025 certe
877 2002 947 2026 non
970 2002 989 2026 e
1010 1991 1238 2037 Xenophonte
1256 1990 1378 2037 Cyrop.
1400 1991 1496 2036 Vm,
1522 1993 1554 2036 6,
1582 1993 1626 2028 17

146 2050 274 2085 hausta
293 2052 359 2093 est,
380 2049 471 2095 quod
483 2049 661 2083 Bactriani
679 2060 700 2084 a
712 2049 939 2095 Xenophonte
964 2050 1101 2085 omnino
1119 2061 1188 2084 non
1205 2050 1438 2085 nominantur.
1475 2053 1627 2086 ceterum

144 2108 231 2142 mihi
265 2108 425 2154 displicet
454 2108 705 2153 interpunctio,
743 2119 847 2153 quam
882 2108 919 2142 in
953 2109 974 2152 ξ
998 2109 1021 2143 2
1045 2108 1195 2143 editores
1228 2108 1498 2144 constituerunt.
1546 2120 1627 2145 nam

145 2177 215 2201 non
246 2166 308 2201 illa
331 2167 452 2201 verba:
486 2167 579 2202 εἶναι
603 2168 674 2213 γὰρ
699 2194 706 2201 .
722 2193 729 2201 .
744 2194 751 2202 .
780 2168 851 2202 ὑπὸ
875 2172 936 2211 τῆς
959 2168 1143 2211 θαλάττης
1172 2178 1312 2202 causam
1343 2167 1499 2202 indicant
1530 2170 1627 2203 anbe-

139 2224 299 2259 cedentis
324 2224 533 2267 sententiae,
568 2224 628 2259 sed
659 2224 770 2259 solum
793 2225 898 2259 verba
922 2225 1016 2260 εἶναι
1040 2227 1112 2272 γὰρ
1137 2253 1145 2260 .
1162 2253 1190 2260 ..
1217 2227 1258 2260 τὸ
1282 2227 1503 2273 γιγνόμενον
1529 2227 1627 2273 ὕδωρ

145 2283 335 2329 respiciunt
359 2283 403 2317 ad
433 2284 537 2318 verba
570 2285 762 2332 ποταμοὺς
793 2284 1036 2333 διαῤῥέοντας.
1087 2284 1206 2330 itaque
1231 2285 1391 2329 seiungas
1415 2285 1627 2320 sententiam

146 2342 238 2377 εἶναι
268 2343 339 2390 γὰρ
443 2343 540 2389 ὕδωρ
572 2343 672 2388 quasi
701 2343 739 2377 in
763 2343 962 2388 parenthesi
987 2343 1115 2378 dictam
1139 2343 1182 2378 ab
1207 2343 1491 2379 antecedentibus
1515 2346 1552 2379 et
1576 2355 1626 2379 se-

139 2400 341 2446 quentibus.
369 2411 437 2445 qua
455 2411 491 2435 re
504 2402 683 2446 praeterea
706 2400 865 2445 efficitur,
890 2403 932 2437 ut
958 2414 1005 2445 τε,
1036 2401 1127 2448 quod
1152 2403 1249 2436 extat
1272 2404 1354 2448 post
1379 2405 1624 2449 περιέχεσθαι,

146 2458 353 2505 respondeat
376 2458 595 2493 antecedenti
617 2460 709 2506 μήτε
811 2461 912 2507 μήτε.

238 2517 275 2560 2)
299 2516 349 2552 cf.
380 2516 485 2551 etiam
518 2516 640 2562 Cyrop.
665 2517 734 2561 VI,
760 2518 800 2561 2,
833 2518 897 2562 29,
934 2518 1046 2553 locum
1077 2518 1147 2553 iam
1180 2529 1286 2564 supra
1321 2519 1470 2553 citatum
1502 2521 1550 2565 (p.
1577 2521 1623 2562 7).

138 2576 236 2623 quod
262 2574 399 2612 Geelius
424 2574 468 2610 ad
492 2576 512 2620 ἓ
532 2576 575 2611 11
602 2576 752 2612 contulit
775 2576 1014 2623 Xenophontis
1033 2576 1157 2614 Oecon.
1183 2577 1273 2621 XII,
1300 2578 1356 2622 11,
1381 2577 1514 2622 dubito,
1540 2589 1625 2613 num

142 2637 239 2671 recte
263 2634 391 2670 fecerit.

238 2695 275 2737 3)
300 2693 497 2740 Comparari
520 2694 638 2739 potest
661 2695 839 2740 praeterea
862 2695 1008 2741 Apomn.
1034 2695 1099 2739 ΠΙ,
1126 2694 1182 2739 11,
1211 2696 1267 2730 13.

1319 2754 1341 2788 2
