1772 2936
844 49 900 87 79

217 172 280 213 De
297 172 321 225 ἓ
339 175 395 214 83
411 184 468 225 sq.
486 173 528 212 et
547 176 629 213 116
646 184 705 224 sq.
727 173 774 213 ut
795 170 994 213 iudicium
1014 172 1202 221 feramus,
1224 170 1474 213 redeundum
1495 170 1613 212 nobis

123 244 190 286 est
209 240 260 284 ad
289 239 417 284 totius
448 240 641 283 orationis
669 240 933 295 propositum.
995 252 1088 283 nam
1119 239 1226 294 quod
1257 240 1338 283 Dio
1370 241 1395 295 ξ
1417 245 1471 284 26
1504 239 1610 282 dixit

130 310 206 354 καὶ
235 308 304 361 τίς
334 312 360 367 ἡ
390 310 581 368 διαφορά
611 310 717 362 mk,
758 310 936 352 vidimus
965 310 1010 351 in
1040 311 1217 364 genuina
1247 310 1426 353 oratione
1457 310 1506 351 de
1537 310 1613 352 1100

125 379 386 430 discrimine,
426 380 531 435 quod
570 379 796 424 intercedat
825 380 933 424 inter
971 393 1107 436 regem
1145 382 1187 424 et
1225 382 1465 437 tyrannum,
1505 379 1613 422 nihil

126 451 286 493 dictum
317 463 412 493 esse.
473 451 610 506 agitur
640 452 778 492 autem
808 452 856 492 de
888 463 933 492 eo
965 452 989 505 ξ
1022 455 1208 500 58-61,
1241 456 1295 493 83
1312 463 1414 504 sqq„
1438 456 1520 493 116
1539 462 1611 505 sq.,

130 523 336 576 praeterea
366 523 408 564 in
430 535 485 564 or.
508 522 637 564 LXII.
674 521 771 576 quid
803 522 962 576 igitur?
1023 522 1182 564 videtur
1204 522 1283 563 Dio
1304 535 1398 563 cum
1419 521 1612 563 orationis

129 592 180 635 de
195 593 388 647 quattuor
408 591 629 635 virtutibus
649 592 821 646 scriptae
842 591 1015 635 frustula
1035 592 1180 635 tertiae
1201 591 1461 641 immisceret,
1484 590 1610 636 etiam

126 664 226 705 haec
255 662 464 706 addidisse.
515 675 639 716 quare
670 675 692 704 e
722 663 899 716 genuina
929 662 1109 705 oratione
1142 664 1166 716 ξ
1200 668 1252 705 26
1288 662 1406 703 verba
1437 660 1511 704 καὶ
1542 659 1610 712 τίς

128 734 153 791 ἦ
185 732 376 791 διαφορά
409 766 419 775 .
437 766 446 775 .
465 768 474 776 .
507 729 731 787 βασιλείας
751 734 793 775 et
814 733 838 787 ξ
861 738 914 776 83
933 745 992 787 sq.
1013 734 1059 784 1),
1094 738 1174 776 116
1193 746 1250 788 sq.
1273 732 1442 775 delenda
1469 734 1578 786 puto.

216 804 293 847 Sed
333 804 430 859 quid
469 803 710 845 censendum
753 805 814 845 est
844 803 892 844 de
933 804 957 856 ἓ
1001 808 1244 853 123-127,
1286 815 1387 856 quae
1426 805 1523 844 sunt
1561 802 1609 844 de

130 875 237 929 regis
267 875 416 916 laboris
436 886 583 923 amore,
615 874 702 927 et§
729 878 970 923 133-138,
1004 873 1152 927 quibus
1182 873 1341 915 venatio
1372 886 1466 927 rege
1487 873 1610 927 digna

127 945 341 986 laudatur?
403 946 443 985 et
473 944 549 985 hoc
579 943 742 997 quidem
774 955 844 996 pro
875 945 984 985 certo
1024 943 1253 985 habendum
1293 945 1354 984 est
1383 943 1434 985 ad
1463 943 1607 997 genui·

125 1027 222 1056 nam
253 1014 474 1056 orationem
512 1013 585 1054 has
624 1014 758 1066 partes
788 1025 867 1055 non
898 1013 1111 1066 pertinere.
1174 1013 1352 1055 dubitari
1388 1015 1520 1067 potest
1559 1012 1608 1054 de

125 1085 253 1126 altera
293 1084 486 1126 oratione.
548 1095 643 1124 nam
684 1095 776 1124 cum
815 1084 896 1124 iam
936 1083 1058 1125 initio
1095 1085 1119 1136 ξ
1152 1089 1176 1125 3
1211 1085 1252 1125 et
1283 1089 1307 1125 5
1348 1083 1518 1136 scriptor
1558 1082 1607 1124 de

125 1154 221 1197 boni
252 1154 360 1208 regis
398 1153 650 1196 beatitudine
681 1152 867 1204 dixisset,
908 1153 1074 1195 fortasse
1115 1153 1157 1195 in
1197 1154 1375 1196 extrema
1414 1153 1608 1196 orationis

124 1226 237 1278 parte
276 1224 426 1266 iterum
466 1236 553 1265 eam
594 1222 796 1273 laudavit,
839 1223 897 1265 ita
937 1225 994 1268 ut,
1025 1236 1102 1265 non
1147 1223 1280 1277 pravis
1319 1223 1606 1277 voluptatibus,

124 1295 251 1336 immo
280 1293 488 1336 laboribus
519 1306 610 1334 eum
641 1293 834 1347 gaudere,
875 1293 1128 1335 venationem
1170 1296 1305 1335 autem
1345 1306 1468 1335 unam
1512 1306 1606 1347 rege

123 1364 289 1419 dignam
332 1363 612 1406 remissionem
651 1376 692 1405 se
732 1365 874 1417 putare
907 1363 1070 1406 diceret.
1133 1363 1201 1406 sed
1243 1364 1456 1406 mittamus
1494 1364 1604 1414 haec,

126 1434 315 1487 quoniam
348 1433 621 1477 incertissima
650 1436 756 1475 sunt.

211 1503 431 1559 Reliquum
464 1504 545 1555 est,
577 1505 625 1546 ut
655 1504 703 1546 de
735 1503 857 1546 tertio
887 1516 1032 1558 genere
1062 1503 1431 1546 additamentorum
1451 1503 1604 1557 loquar,

123 1574 228 1627 quod
259 1574 616 1627 interpolatoribus
647 1574 809 1615 crimini
842 1573 1016 1616 dandum
1047 1576 1119 1616 est.
1182 1575 1261 1616 huc
1291 1575 1496 1628 pertinent
1516 1576 1541 1628 ξ
1564 1580 1603 1625 9,

122 1649 191 1695 22,
224 1650 279 1687 30
311 1641 348 1687 εἰ
377 1644 574 1699 βούλοιτο
611 1669 667 1675 --
706 1650 756 1687 31
793 1643 1065 1698 πινομένους,
1115 1650 1168 1687 46
1207 1651 1330 1687 τοῦτο
1371 1641 1515 1699 ἐζιιοιγε
1546 1670 1602 1676 —-

121 1713 420 1771 ἀγκυλομήτεω
453 1716 476 1768 ξ
510 1722 533 1758 7
567 1728 598 1756 s.
631 1715 673 1765 f.‚
724 1720 805 1757 118
843 1715 1054 1768 praecipue
1093 1716 1250 1768 praeter
1288 1715 1388 1756 alias
1433 1714 1603 1757 minoris

124 1785 333 1825 momenti.
642 1824 646 1830 ,

210 1853 295 1895 Ι3111
328 1852 378 1894 3(1
408 1853 528 1895 finem
562 1854 840 1907 pervenimus,
881 1855 922 1896 et
962 1867 1206 1909 quamquam
1246 1855 1293 1895 de
1324 1854 1496 1908 singulis
1527 1855 1601 1896 du-

120 1923 243 1965 bitari
275 1925 419 1976 potest,
450 1925 586 1965 tamen
620 1925 829 1979 egregium
861 1925 1090 1978 exemplum
1121 1937 1176 1966 or.
1209 1925 1270 1966 III
1301 1926 1381 1974 est,
1421 1937 1499 1978 quo
1531 1924 1601 1967 do-

120 1995 270 2044 ceatur,
302 1993 499 2046 quomodo
530 1993 611 2036 Dio
642 1994 792 2049 scripta
821 2007 892 2037 sua
924 1994 1201 2049 composuerit.
1265 2007 1344 2048 qua
1375 1994 1422 2037 de
1443 2008 1486 2037 re
1507 2007 1601 2038 cum

120 2074 261 2115 operae
302 2063 480 2115 pretium
518 2065 574 2105 sit
604 2065 830 2106 accuratius
860 2077 998 2117 agere,
1034 2077 1160 2118 pauca
1198 2065 1329 2106 solum
1360 2065 1428 2106 hic
1457 2065 1602 2107 addere

122 2131 227 2173 mihi
258 2131 390 2175 liceat.
455 2133 534 2176 Dio
565 2135 675 2177 enim
706 2135 851 2189 (neque
881 2134 1000 2177 aliter
1040 2134 1126 2190 egit
1158 2134 1422 2186 Plutarchus,
1464 2137 1512 2178 ut
1552 2135 1600 2178 de

120 2201 400 2244 Wilamowitz
421 2217 546 2258 nuper
567 2206 766 2260 exposuit)
786 2206 819 2257 2)
852 2205 898 2247 de
920 2206 1093 2260 singulis
1113 2206 1220 2248 vitae
1252 2207 1450 2248 humanae
1482 2207 1601 2249 rebus

120 2284 192 2322 ea,
223 2284 323 2326 quae
353 2275 426 2314 aut
456 2274 562 2327 apud
593 2275 695 2318 31103
725 2276 940 2329 scriptores
969 2276 1072 2330 legit
1102 2278 1174 2318 aut
1211 2277 1297 2329 ipse
1328 2277 1407 2318 sibi
1439 2277 1598 2331 excogi-

118 2342 233 2393 tavit,
266 2342 445 2396 collegit.
507 2357 554 2386 ex
584 2346 649 2387 his
680 2346 949 2397 collectaneis,
981 2360 1076 2388 cum
1108 2347 1328 2389 orationem
1361 2347 1598 2401 composuit,

120 2425 209 2455 eam
241 2413 489 2467 conscripsit.
552 2415 667 2458 cuius
705 2416 765 2458 rei
796 2416 979 2470 exempla
1011 2430 1089 2459 non
1121 2418 1251 2459 solum
1283 2417 1324 2459 in
1355 2417 1479 2460 tertia
1510 2430 1598 2460 ora-

117 2483 227 2526 tione
266 2483 528 2526 inveniuntur
569 2485 640 2537 (cf.
671 2499 704 2530 e.
737 2499 797 2541 gr.
836 2487 1015 2530 nobilem
1055 2487 1174 2530 illum
1217 2488 1265 2529 de
1303 2488 1395 2530 Iove
1434 2488 1598 2543 locum),

212 2648 248 2690 1)
272 2646 514 2682 Animadverte
539 2648 560 2691 ξ
585 2649 632 2683 84
655 2649 778 2684 iisdem
803 2651 914 2685 verbis
939 2651 1107 2695 concludi,
1130 2651 1258 2698 quibus
1283 2652 1302 2696 ἓ
1328 2652 1383 2687 61.

210 2706 246 2748 2)
273 2705 465 2751 Gottinyer
485 2706 641 2752 gelehrte
667 2709 838 2754 anzeiyen
862 2711 965 2745 1896.
991 2710 1061 2746 IV.
