1772 2936
858 50 914 88 46

232 173 353 215 Nunc
399 174 536 216 autem
584 173 800 217 nonnullas
831 174 973 216 Dionis
1020 174 1220 216 orationes
1264 174 1491 218 accuratius
1536 186 1632 219 con-

141 245 381 294 sideremus,
413 245 461 286 ut
492 244 544 286 iis
575 244 771 299 exemplis
802 245 865 286 usi
898 245 1041 287 Dionis
1069 244 1272 287 scribendi
1292 246 1423 287 artem
1454 245 1646 289 61;111(10-4

141 315 224 357 lem
263 326 565 369 cognoscamus.
626 327 705 369 qua
743 314 785 356 in
817 327 860 356 re
890 327 1079 370 persaepe
1109 314 1214 358 mihi
1244 327 1307 357 res
1334 314 1413 357 erit
1442 327 1535 358 cum
1564 315 1631 367 iis,

142 385 213 439 qui
253 385 417 439 cynicae
449 384 726 439 philosophiae
758 384 932 438 vestigia
962 385 1004 426 in
1040 386 1182 428 Dionis
1221 384 1468 427 orationibus
1497 398 1631 439 perse-

142 455 229 498 cuti
259 457 368 497 sunt.
412 454 512 509 quin
535 455 612 497 Dio
633 454 778 497 multis
808 455 851 496 in
883 454 1005 497 rebus
1034 456 1198 510 cynicae
1229 454 1504 509 philosophiae
1536 455 1630 498 reli-

141 525 256 580 quias
287 525 470 575 servarit,
502 525 656 566 nemini
678 523 849 566 dubium
871 537 955 566 esse
976 526 1121 578 potest,
1153 526 1224 579 qui
1245 524 1444 568 orationes
1465 525 1552 568 eius
1583 525 1631 568 de

142 595 326 649 Diogene
357 594 530 648 scriptas
561 594 673 648 legit.
735 594 890 647 primus
929 595 1070 649 cynica
1108 595 1259 648 scripta
1296 609 1316 637 e
1349 596 1477 638 Dione
1513 596 1632 638 resti-

141 667 257 709 tuere
288 666 455 708 conatus
492 666 555 707 est
586 664 630 707 F.
666 663 878 707 Dummler
908 664 950 706 in
983 664 1283 707 Antisthenicis
1323 667 1478 720 (postea
1515 667 1632 722 plura

143 736 192 778 de
224 737 300 778 hac
332 749 374 778 re
405 735 569 789 scripsit
599 735 644 776 in
666 735 951 789 Academicis),
984 747 1105 789 quem
1135 737 1297 778 secutus
1318 737 1364 778 E.
1387 736 1537 779 Weber
1565 750 1631 780 ac-

143 806 325 849 curatius
356 805 405 848 de
428 805 557 848 Dione
579 805 822 860 Cynicorum
852 807 1048 848 sectatore
1080 805 1176 861 egit.
1239 807 1359 861 atque
1392 807 1522 850 multa
1542 808 1631 862 qui-

142 877 235 919 dem
267 878 376 918 recte
398 876 477 918 viri
509 875 575 917 illi
596 876 797 924 dixerunt,
829 876 872 917 in
902 875 997 917 aliis
1017 888 1148 918 errare
1169 875 1369 919 videntur.
1414 877 1458 919 E.
1482 876 1633 919 Weber

143 948 229 1001 ipse
260 958 563 1000 nonnumquam
596 946 639 987 in
671 946 712 987 id
744 946 892 987 vitium
924 946 1093 996 incidit,
1134 946 1241 1000 quod
1284 946 1507 988 cavendum
1549 959 1633 989 esse

143 1017 248 1059 dixit
278 1017 335 1070 (p.
367 1018 455 1071 82),
487 1018 534 1057 ut
564 1016 698 1057 aliena
728 1028 801 1069 pro
832 1015 972 1070 cynica
1002 1016 1201 1070 sapientia
1230 1016 1468 1059 vendiderit.
1531 1016 1633 1059 item

142 1087 188 1129 F.
214 1087 429 1128 Diimmler
460 1086 624 1139 longius
653 1098 747 1127 vero
766 1085 975 1138 processit,
1008 1098 1101 1127 cum
1122 1085 1275 1127 diceret
1291 1087 1474 1129 Antisth.
1498 1099 1536 1140 p.
1555 1093 1632 1129 73:

143 1188 168 1207 „
180 1155 259 1198 Dio
280 1168 374 1198 cum
397 1155 563 1197 omnino
584 1167 824 1209 germanum
841 1154 1037 1209 Cynicum
1056 1168 1098 1197 se
1117 1157 1306 1209 praestet,
1326 1188 1335 1197 .
1354 1189 1363 1197 .
1382 1161 1432 1199 .“.
1486 1156 1632 1199 falsum

144 1227 206 1268 est
228 1226 400 1268 Dionem
432 1227 565 1268 totum
597 1226 668 1267 uni
699 1225 1028 1279 philosophorum
1061 1225 1266 1268 doctrinae
1296 1226 1520 1268 adscribere
1550 1227 1634 1270 sive

144 1296 307 1351 cynicae
338 1296 423 1338 sive
454 1295 617 1346 stoicae,
650 1307 896 1349 quamquam
928 1295 1139 1349 utriusque
1170 1297 1385 1338 sententiis
1424 1310 1520 1339 usus
1559 1299 1631 1340 est.

143 1366 222 1409 Dio
253 1365 452 1420 sophista,
494 1365 638 1407 deinde
678 1365 940 1420 philosophus
984 1378 1061 1407 non
1094 1366 1224 1408 solum
1257 1367 1396 1421 cynica
1427 1369 1537 1409 veste
1567 1368 1632 1409 in-

144 1437 267 1479 dutus
304 1436 528 1478 multorum
569 1435 782 1477 hominum
821 1437 949 1477 terras
990 1437 1032 1478 et
1071 1436 1212 1484 urbes,
1253 1436 1322 1478 sed
1361 1437 1485 1478 etiam
1526 1438 1632 1479 mul-

142 1509 278 1549 torum
312 1507 491 1548 virorum
522 1506 674 1559 scripta
704 1505 992 1559 permigravit,
1024 1506 1120 1547 hinc
1156 1506 1274 1547 illinc
1305 1507 1498 1560 sumpsit,
1531 1519 1633 1560 quae

143 1576 224 1620 sibi
262 1577 311 1619 ad
353 1589 445 1619 suos
483 1577 788 1628 ceterorumque
824 1575 1035 1617 hominum
1079 1588 1210 1618 mores
1249 1576 1503 1629 corrigendos
1539 1579 1634 1630 apta

143 1646 387 1688 videbantur
423 1645 494 1699 (cf.
526 1645 698 1696 Hireel,
739 1645 815 1686 der
845 1644 984 1698 dialoy
1013 1644 1075 1686 II
1078 1678 1089 1695 ,
1118 1658 1164 1698 p.
1197 1646 1383 1701 84sqq).
1445 1646 1548 1688 hanc
1586 1645 1634 1688 de

143 1717 288 1759 Dionis
318 1716 574 1770 philosophia
594 1715 838 1757 sententiam
861 1715 1174 1769 probabiliorem
1197 1716 1279 1757 fore
1300 1728 1414 1769 spero
1437 1716 1500 1766 iis,
1531 1728 1633 1769 quae

144 1799 253 1829 nunc
283 1786 331 1828 de
363 1785 650 1828 nonnullarum
681 1785 908 1827 orationum
942 1785 1077 1827 indole
1107 1785 1320 1839 proferam.

232 1856 318 1898 ΟΒ.
350 1856 382 1898 Ι.
445 1855 620 1898 Initium
656 1855 862 1906 orationis,
903 1857 951 1897 ut
986 1855 1068 1897 iam
1102 1855 1292 1906 vidimus,
1333 1855 1635 1898 narratiuncula

142 1926 217 1969 illa
260 1925 309 1968 de
353 1925 584 1974 Alexandro
616 1927 659 1969 et
689 1926 903 1969 Timotheo
934 1926 1106 1969 tibicine
1147 1926 1299 1980 scripta
1338 1926 1448 1969 facit.
1512 1925 1633 1969 huius

143 1997 206 2039 rei
238 1999 394 2039 certum
426 1997 583 2039 fontem
613 1996 791 2038 indicare
823 2008 902 2038 non
934 2008 1116 2050 possum,
1162 1996 1239 2038 Dio
1277 1997 1414 2038 notam
1446 2008 1532 2038 rem
1564 2008 1634 2038 suo

144 2066 264 2110 modo
295 2079 504 2110 exornasse
534 2066 707 2110 videtur.
770 2066 819 2109 de
840 2067 1055 2109 Timotheo
1085 2066 1177 2109 vide
1207 2079 1307 2121 quae
1329 2066 1559 2109 Volkmann
1589 2067 1631 2108 in

144 2136 436 2179 commentario
451 2136 502 2179 ad
519 2137 733 2179 Plutarchi
749 2138 798 2179 de
815 2137 969 2179 musica
984 2136 1137 2178 librum
1154 2136 1319 2190 scripsit
1338 2149 1378 2190 p.
1397 2143 1465 2187 71,
1483 2141 1538 2180 43
1549 2149 1632 2191 sqq.

143 2208 208 2250 his
229 2207 330 2250 adde
350 2207 556 2250 Athenaei
577 2208 673 2258 XII,
704 2220 743 2262 p.
767 2213 851 2251 538
870 2208 914 2256 F,
946 2208 1061 2257 XIII,
1094 2212 1178 2251 565
1197 2207 1248 2257 A,
1279 2208 1487 2261 praeterea
1512 2206 1632 2250 Dion.

143 2290 201 2320 or.
222 2278 399 2328 XXXII,
433 2284 501 2321 61.
543 2279 633 2320 tum
657 2277 705 2319 de
727 2278 830 2319 bono
860 2290 955 2331 rege
980 2277 1172 2331 loquitur.
1193 2277 1293 2319 haec
1313 2277 1450 2319 omnia
1480 2278 1562 2319 fere
1582 2276 1634 2319 ad

144 2349 274 2391 certos
294 2349 477 2390 auctores
498 2347 748 2398 rettulimus,
779 2347 992 2401 praecipue
1013 2347 1064 2390 ad
1085 2347 1409 2401 Xenophontem,
1439 2347 1634 2390 nonnulla

143 2418 195 2460 ad
218 2418 444 2461 Platonem.
486 2419 642 2472 (revera
662 2417 792 2472 igitur
813 2418 890 2460 Dio
920 2417 1170 2472 propositum
1202 2429 1282 2460 non
1314 2417 1508 2473 sequitur,
1539 2429 1634 2460 nam

143 2501 245 2543 quae
274 2501 323 2531 ex
344 2489 522 2531 Homero
553 2488 739 2543 sumpsit,
771 2501 969 2542 perpauca
999 2491 1125 2543 sunt.)
1184 2490 1306 2542 atque
1335 2501 1436 2543 quae
1466 2489 1635 2537 restant,

145 2559 224 2601 Dio
256 2559 341 2613 ipse
385 2556 633 2613 amplificare
672 2559 820 2612 potuit.
883 2558 1065 2614 sequitur
1102 2559 1143 2613 (ἓ
1175 2559 1367 2614 37-47)
1403 2557 1634 2611 exemplum

144 2629 264 2679 Iovis,
295 2629 444 2682 optimi
474 2629 595 2682 regis.
655 2629 793 2671 Iovem
825 2629 1026 2682 optimum
1057 2641 1195 2682 regem
1226 2641 1311 2670 esse
1350 2629 1431 2670 iam
1464 2627 1634 2668 Homeri

145 2700 228 2750 est,
275 2698 385 2742 idem
432 2699 550 2742 Plato
596 2698 716 2750 dicit,
763 2699 830 2742 cui
876 2699 1002 2742 etiam
1048 2698 1201 2742 Minois
1245 2698 1354 2753 regis
1404 2695 1631 2750 exemplum
